5076 6258
559 239 641 304 COM

268 405 333 454 Alia
345 419 350 452 :
368 403 459 452 Comes
470 403 527 452 diui
543 401 680 450 Tlreodosii
692 401 761 464 555.
775 403 806 450 45
818 403 904 452 omui*

269 465 407 516 5115551115
422 463 648 526 atqueoictoriis.
665 461 709 512 Ita
728 463 758 512 in
780 463 905 528 Inscrip-

269 529 347 578 tione
363 527 460 576 Graeca
473 537 536 586 quae
549 525 692 574 Ravennae
702 527 804 588 exstat,
823 529 904 578 ’1511-

269 607 321 642 1551
352 595 399 636 τῶν
434 585 556 648 βασιλέων
586 587 598 634 d
626 585 756 652 σύμμαχος
788 589 903 638 dicitur.

268 649 361 698 GIOSS.
380 649 444 696 Lat.
458 647 562 696 Gratia:
580 645 681 708 Comes,
696 651 903 712 συνστρατιώτης.

269 711 296 760 S.
312 709 482 758 Ambrosius
498 709 528 756 in
547 709 688 760 Concione
703 711 734 760 in
752 711 831 760 obitu
848 711 903 760 Va-

269 769 441 820 lentiniani:
462 769 547 830 Coepit
570 769 610 818 415
635 773 813 832 frequentare
828 771 903 832 jeju·

267 831 358 888 uiam,
371 835 402 878 ut
414 829 579 892 plerumque
592 833 649 892 ipse
663 835 824 894 impransus
845 847 904 880 con-

266 891 370 942 5154515
384 893 495 940 solenne
509 895 565 940 suis
587 895 735 942 (3515114555
756 895 903 944 5511455154.

268 953 366 1002 Inira:
385 951 454 1002 Ecce
476 955 640 1018 rescriptum
661 955 773 1018 accipio,
794 959 824 1002 ut
843 955 904 1002 siue

267 1027 347 1064 15515
356 1015 530 1076 perpendam
537 1023 677 1080 putarem,
688 1031 716 1066 eo
725 1015 796 1078 quod
806 1015 904 1064 uadem

267 1075 332 1136 fidei
347 1081 400 1122 tua
413 1075 512 1126 babere
525 1093 567 1128 155
579 1081 655 1138 apud
675 1077 807 1126 Comitem
826 1083 903 1124 tuum

266 1137 357 1186 uelles.
376 1137 455 1186 Idem
479 1141 567 1188 Serm.
592 1141 638 1190 26:
668 1139 785 1198 Sapiens
809 1135 851 1184 uir
879 1139 904 1184 et

267 1197 411 1258 religiosus
436 1199 535 1258 Cautes,
559 1201 607 1264 qui
627 1205 763 1262 quantum
787 1197 818 1244 in
836 1197 904 1246 bello

266 1257 432 1320 Imperatori
456 1261 600 1320 militat...
630 1261 750 1322 sapiens,
776 1257 902 1318 inquunt.

268 1321 316 1380 qui
329 1321 399 1368 sicut
424 1321 516 1372 Comes
537 1321 713 1384 imperatoris
737 1325 785 1378 est,
812 1321 852 1366 ita
879 1321 905 1366 et

269 1383 362 1432 Comes
381 1383 480 1432 Christi
494 1399 549 1434 esse
562 1383 710 1432 desiderat.
721 1381 800 1428 Adue
811 1381 902 1442 Epist.

266 1441 414 1566 15).1et;)leg.
431 1447 468 1496 14.
491 1447 558 1494 (155.
584 1443 688 1494 15555.
713 1441 747 1490 55
768 1441 901 1492 Accusat.

266 1513 274 1566 i
297 1567 575 1620 MTillementius
598 1565 736 1612 horumce
758 1561 902 1612 Comitum

266 1627 406 1688 originem
422 1627 510 1676 retert
524 1627 558 1672 ad
570 1625 674 1674 ultima
688 1623 812 1682 Augusti
830 1627 903 1672 tem·

265 1699 343 1750 pora,
367 1687 471 1746 quibus
497 1687 543 1734 bic
565 1683 724 1744 Imperator
752 1685 903 1734 Senatores

266 1749 376 1810 aliquot
389 1747 484 1806 elegit,
496 1747 528 1794 ut
542 1743 734 1814 domesticum
749 1745 902 1804 quemdam

266 1811 405 1858 Senatum
422 1807 550 1862 baberet,
563 1815 647 1864 55555
659 1807 791 1854 5511511115
809 1807 903 1856 54515-

264 1873 322 1920 451.
338 1869 376 1918 Η1
389 1869 540 1916 Senatores
556 1863 669 1912 Caesaris
681 1863 797 1916 Comites
809 1869 903 1930 appel-

267 1931 328 1980 lati.
343 1929 384 1976 31.
398 1927 572 1986 Scriptorem
584 1927 704 1976 consule
721 1929 826 1978 45151.
845 1933 903 1978 115-

264 1991 355 2052 55154.
372 1999 437 2050 555.
453 1987 492 2034 38.
508 1989 536 2036 et
551 1987 605 2036 162.
621 1989 690 2038 tom.
716 1989 740 2038 3.
760 2003 825 2052 pag.
847 1993 901 2042 389.

267 2053 297 2098 54
308 2053 378 2098 tom.
393 2049 417 2096 4.
434 2059 498 2110 555.
512 2047 567 2098 285.

296 2111 400 2158 Postea
417 2119 484 2158 cum
501 2123 534 2158 ex
557 2121 655 2158 eorum
678 2123 798 2162 numero
817 2113 903 2164 5555-

266 2171 414 2218 merentur
437 2171 485 2230 qui
513 2173 548 2220 55
572 2173 737 2232 5151155155
762 2177 903 2234 15555555

265 2229 467 2290 mittebantur,
482 2231 596 2280 Comites
620 2233 673 2292 illi,
698 2245 755 2284 non
776 2237 903 2296 amplius

265 2291 409 2352 Principis
423 2305 440 2340 a
456 2305 513 2354 quo
530 2293 660 2356 aberant,
678 2295 728 2344 sed
746 2295 903 2346 Provincia

266 2351 445 2424 5155555451,
471 2365 559 2414 quam
584 2355 639 2416 ipsi
666 2367 732 2404 cum
761 2355 904 2406 Comitiva

265 2415 409 2474 mgnaate
432 2415 642 2474 gubernabant.
670 2417 715 2464 Ita
738 2419 826 2466 etiam
854 2419 903 2476 qui

264 2475 341 2524 sacri
353 2475 458 2524 Palatii
472 2477 643 2526 ministeriis
661 2489 694 2526 ac
709 2479 813 2526 officiis
835 2491 903 2540 pra·

265 2533 446 2596 ficiebantur,
473 2539 639 2586 eorumdem
676 2539 903 2588 ministeriorum

266 2609 300 2644 ac
312 2597 474 2646 5155151551
488 2597 614 2646 Comites
626 2599 706 2656 dicti,
721 2601 752 2648 ut
773 2611 807 2648 ex
826 2599 903 2648 inira

265 2657 452 2708 observandis
482 2659 605 2708 constat.
643 2659 765 2720 Papias:
801 2659 903 2718 Comes,

264 2719 350 2766 socius
381 2731 399 2764 a
428 2717 584 2768 comitando
612 2719 701 2766 dictus
724 2719 765 2768 vei
791 2733 809 2766 a
836 2733 901 2768 com-

263 2779 390 2840 meando,
404 2793 453 2830 seu
468 2793 486 2828 5
500 2781 633 2836 551555145,
647 2781 718 2842 quod
733 2781 833 2848 inlusa
848 2795 902 2830 nou

264 2845 302 2890 est
316 2857 321 2890 :
337 2841 413 2890 unde
427 2841 555 2890 Consules
568 2841 688 2890 Romani
701 2843 818 2892 Comites
836 2841 903 2890 dicti

263 2907 338 2964 suut,
355 2901 422 2962 quia
437 2917 546 2964 semper
560 2903 613 2950 duo
628 2909 717 2950 eraut.
732 2901 800 2950 Inde
819 2903 904 2950 etiam

263 2977 297 3010 eu
310 2977 341 3012 ea
353 2965 552 3012 cousuetudine
568 2963 653 3010 unius
668 2963 801 3024 cujusque
818 2963 903 3012 Comt-

263 3029 338 3072 tatus
368 3025 495 3096 provisor
526 3025 617 3072 55555
650 3023 743 3072 Comes
781 3027 903 3082 uocatur,

263 3099 387 3146 quamvis
401 3085 515 3134 nonnisi
529 3099 605 3132 unus
626 3085 671 3132 544.
696 3085 767 3132 Vide
791 3085 902 3134 Salma-

264 3147 342 3196 sium
356 3147 392 3196 aa
407 3147 595 3208 spartianum
608 3157 674 3208 pag.
689 3145 729 3194 41.
742 3145 781 3194 48.

322 3209 386 3258 Non
400 3209 484 3268 15555
499 3207 534 3256 55
560 3209 613 3256 hac
637 3207 756 3256 5541555
777 3205 903 3256 55551114

263 3281 316 3318 vox
329 3269 423 3318 Canus
437 3271 459 3316 2.
475 3271 544 3328 Reg.
561 3281 624 3330 cap.
641 3267 681 3316 23.
704 3281 729 3316 1.
755 3267 802 3316 11:
831 3265 903 3316 1515-

262 3343 311 3378 rea
326 3331 442 3390 quidam
455 3331 518 3388 oiri,
533 3343 595 3378 cum
608 3329 747 3376 stetissent
757 3327 842 3388 juata
857 3341 903 3374 ca-

264 3391 349 3440 dauer
363 3391 472 3438 Amase
497 3391 529 3438 de
551 3391 629 3438 sociis
652 3389 729 3446 1555,
754 3387 903 3436 disserunt:

263 3451 334 3502 Ecce
349 3451 465 3514 quiesse
482 3453 566 3500 ualuit
578 3463 630 3514 pro
644 3451 709 3498 1555
731 3447 824 3498 Comes
845 3449 903 3496 Da-

263 3511 402 3562 blavoet
417 3513 534 3562 Gallica
557 3513 662 3562 Conues
682 3511 903 3574 correspondere

263 3575 377 3624 videtur
395 3585 447 3622 vox
467 3573 594 3634 Camaus,
615 3585 671 3632 qua
692 3571 819 3632 regionis
841 3583 903 3632 pre-

263 3645 342 3682 55155
355 3635 556 3694 designantur,
570 3637 600 3682 in
615 3633 727 3682 Centin.
745 3631 831 3682 Guill.
849 3633 903 3690 Ty-

262 3695 298 3742 rii
311 3695 389 3756 apud
402 3695 525 3744 11451455.
539 3697 609 3744 4551.
624 3695 647 3742 5.
665 3693 759 3754 Ampl.
785 3693 902 3742 Colleet.

262 3755 316 3804 col.
335 3755 397 3802 702:
418 3753 519 3814 Lequel
539 3757 654 3804 Auseau
679 3753 819 3802 maintaiu
841 3753 904 3802 bien

263 3815 291 3862 la
310 3819 381 3862 terre
404 3815 494 3862 selonc
515 3817 539 3862 le
560 3817 687 3864 mauvais
703 3815 784 3876 point
807 3815 842 3864 oit
865 3815 904 3862 ele

263 3873 351 3924 estoit.
366 3875 403 3922 Et
414 3889 466 3934 por
483 3889 512 3924 ce
524 3877 591 3936 qu’il
610 3879 637 3926 la
648 3883 713 3938 pust
725 3877 799 3924 mica
810 3877 904 3924 main-

263 3935 395 3996 45541551
409 3935 493 3996 ilpe's
507 3943 532 3984 et
548 3937 657 3986 aliauce
677 3951 708 3986 as
730 3937 856 3998 Comaus,
878 3943 904 3986 et

262 3995 430 4068 espousa'la
447 3997 511 4066 fille
534 3997 603 4044 d'un
629 3997 733 4046 Cornan
756 4013 807 4060 por
831 3997 905 4048 15455·

263 4063 369 4104 atraere
382 4071 398 4102 a
413 4069 462 4102 sot.

295 4119 407 4174 354155,
430 4117 523 4186 iudex
550 4117 688 4176 civitatis,
712 4119 903 4182 555551511-

263 4177 464 4238 cumjaeentis.
504 4175 549 4226 Ita
589 4179 776 4240 appellabant
812 4181 903 4230 uestri

261 4241 417 4290 Praeiectos
445 4237 590 4298 majorum
619 4241 790 4288 civitatum:
815 4255 903 4304 quam

261 4313 390 4350 vocema
410 4299 551 4348 Romanis
575 4299 708 4350 hausisse
734 4303 903 4352 existimant

260 4363 399 4470 plerique,
416 4361 465 4410 alii
486 4371 502 4408 a
527 4357 690 4410 Comitibus
711 4361 901 4424 Germanicis,

280 4421 417 4484 equibus
431 4421 525 4470 85551
539 4423 567 4470 51
592 4421 720 4482 Tacitus,
744 4423 776 4470 ut
800 4423 900 4474 Cluve-

259 4485 321 4534 rius
343 4483 392 4532 lib.
418 4483 440 4534 1.
467 4483 628 4532 Germaniae
656 4483 746 4542 antiq.
771 4495 834 4546 cap.
861 4487 899 4536 48.

259 4545 425 4606 Christopb.
455 4543 597 4594 Beseldus
626 4543 657 4592 iu
686 4545 838 4596 Dissertat.
866 4549 900 4596 55

259 4605 432 4666 3515111555,
460 4607 489 4654 54
515 4605 668 4654 Rulandus
692 4605 722 4654 in
748 4605 842 4654 Tract.
866 4609 900 4656 de

258 4669 444 4716 Commissar.
458 4669 533 4728 part.
548 4665 571 4714 2.
586 4663 673 4714 libb.
688 4677 750 4726 555.
765 4667 789 4714 4.
806 4677 834 4714 5.
859 4669 898 4716 26.

257 4729 317 4778 Lex
329 4729 448 4790 Ripuar.
465 4729 570 4778 414.55;
585 4727 616 4774 81
632 4727 693 4786 quis
710 4725 836 4786 judicem
856 4729 900 4790 55-

257 4789 352 4846 554515,
366 4803 446 4852 quem
458 4789 589 4838 Comitem
600 4791 708 4854 uocant,
719 4789 899 4848 interfecerit.

257 4849 438 4900 Fortunatus
452 4851 501 4900 lib.
515 4853 538 4900 4.
555 4851 589 4900 55
603 4849 671 4900 Vita
685 4851 711 4900 S.
724 4849 852 4908 Martini,
866 4849 900 4900 de

257 4911 393 4962 Avitiano
407 4913 518 4962 Comite
535 4911 695 4962 Turonensi
711 4927 716 4960 :

311 5007 389 5050 iudicis
398 5009 445 5050 inde
452 5009 491 5050 ieri
500 5009 573 5064 conjux
584 5021 640 5062 agra
650 5007 747 5050 Avitiani.

257 5091 338 5144 Intra
356 5113 361 5144 :

310 5191 401 5234 Territus
411 5193 457 5236 hinc
467 5195 541 5248 ludex,
551 5197 591 5238 545.

257 5277 350 5340 Supra
368 5295 373 5326 :

309 5375 399 5416 11511555
412 5379 434 5418 51
448 5377 537 5420 tumidus
547 5379 621 5422 Comes
631 5381 738 5422 Atilianus
748 5377 827 5432 egebat.

256 5461 336 5510 idem
351 5461 453 5514 11513.
468 5467 565 5516 Poem.
579 5467 618 5516 25
638 5471 675 5520 55
701 5467 899 5518 Galactorium

257 5521 398 5572 Comitem
413 5539 418 5572 :

1237 241 1319 306 COM

1007 403 1085 444 iudicio
1095 403 1159 454 Regis
1168 399 1250 440 valuisti
1259 409 1350 440 crescere
1360 399 1431 440 iudex.

954 473 1109 532 Auspicius
1124 469 1284 530 Episcopus
1301 467 1445 516 Tullensis
1458 469 1493 516 55
1506 465 1591 514 Arbo-

955 537 1066 592 gastem
1079 531 1220 578 351514551
1235 529 1434 576 Trevirorum:
1449 529 1488 574 Tu
1499 535 1591 576 autem

954 593 996 640 uir
1022 589 1131 648 etciuiie,
1157 589 1245 636 Judac
1271 589 1421 636 tritollorum
1451 587 1590 648 prouidus.

953 651 1037 714 [Vide
1051 651 1221 710 Gregorium
1235 649 1272 696 11.
1289 649 1337 698 115.
1352 651 1375 696 A.
1392 649 1504 708 Dialog.
1528 661 1590 710 cap.

953 711 1056 760 21115.
1072 711 1096 758 1.
1118 709 1209 772 Epist.
1232 709 1254 758 3.
1280 721 1360 758 55115
1382 711 1459 760 Edit.
1483 711 1590 760 Concil.

955 771 1081 820 Narbon.
1101 769 1314 820 5115583555.
1330 773 1353 820 4.
1370 771 1435 832 545]

987 833 1122 880 Constans
1139 833 1376 892 Pnerrncranns,
1403 833 1455 890 Qui
1479 833 1508 880 15
1530 843 1591 892 515-

954 893 1065 940 1155155
1082 893 1118 942 55
1137 903 1186 940 555
1203 895 1344 952 15555555
1360 895 1540 952 5515555451,
1560 893 1590 942 15

955 953 1171 1014 Capit.1.Caroli
1183 955 1281 1014 Magni
1295 967 1361 1004 ann.
1374 955 1428 1004 832.
1445 967 1506 1016 555.
1520 955 1591 1004 1145

955 1015 1212 1084 555155545555151
1226 1015 1394 1126 Scriditores.
1412 1017 1530 1066 Senator
1542 1015 1590 1064 lib.

953 1075 977 1126 6.
993 1075 1083 1136 Epist.
1100 1077 1140 1126 22.
1159 1079 1259 1136 etseq.
1302 1089 1393 1138 regor.
1411 1079 1516 1126 Tinna.
1541 1077 1590 1126 lib.

953 1135 976 1186 e.
999 1137 1074 1186 Hist.
1092 1149 1154 1198 cap.
1173 1139 1196 1186 8.
1217 1139 1322 1188 22115.
1342 1139 1365 1188 t.
1397 1137 1444 1188 115.
1470 1139 1509 1188 13.
1529 1149 1590 1198 555.

954 1197 992 1246 15.
1009 1199 1037 1246 54
1050 1197 1088 1246 ta.
1105 1199 1182 1246 15515
1196 1201 1230 1248 55
1243 1201 1318 1250 Vitis
1332 1201 1409 1250 Patr.
1423 1211 1485 1262 cap.
1499 1201 1522 1248 8.
1534 1201 1592 1248 Lex

953 1259 1072 1318 Ripuar.
1089 1259 1133 1308 tit.
1147 1261 1186 1308 53.
1205 1261 1368 1310 Chronicon
1385 1261 1592 1310 Meissiaeense

954 1331 1022 1368 ann.
1034 1319 1090 1368 815.
1101 1321 1262 1370 Concilium
1277 1321 1467 1370 Cabilonense
1479 1321 1515 1370 ΙΙ.
1527 1333 1590 1370 555.

953 1381 992 1430 21.
1008 1381 1131 1430 Assorus
1146 1381 1180 1432 de
1200 1383 1316 1432 AEliridi
1334 1381 1421 1432 rebus
1436 1385 1507 1442 5554.
1525 1393 1590 1444 pag.

953 1443 992 1492 21.
1019 1445 1073 1492 545.
1103 1443 1205 1492 Exstat
1237 1443 1362 1493 formula
1394 1443 1591 1492 institutionis

953 1503 1097 1564 ejusmodi
1111 1503 1230 1552 Comitis
1248 1507 1278 1554 15
1295 1505 1402 1552 Charta
1418 1503 1511 1554 Caroli
1529 1505 1591 1552 Ma-

954 1563 1287 1624 5515555115155511515
1298 1567 1332 1612 ad
1341 1565 1494 1614 Witilrindi
1507 1563 1590 1614 11521

956 1625 1129 1686 Quapropter
1150 1627 1182 1672 iu
1199 1627 1250 1672 illa
1261 1631 1344 1686 parte
1362 1625 1491 1672 Senoniae
1509 1627 1531 1672 T
1531 1633 1591 1672 rut-

953 1699 1089 1732 maunuut
1110 1687 1200 1734 541554
1220 1687 1356 1734 illustrem
1380 1687 1482 1734 ibidem
1507 1685 1592 1734 Conti-

953 1751 1008 1796 tem
1017 1747 1216 1804 ordinavimus,
1230 1753 1261 1796 ut
1280 1747 1399 1796 resideat
1414 1747 1443 1794 in
1466 1753 1542 1796 curte
1554 1749 1591 1796 ud

953 1823 1069 1870 carupos,
1083 1809 1207 1858 45155115
1217 1807 1336 1870 publicu,
1351 1809 1387 1858 ad
1400 1809 1591 1858 uniuersorum

953 1885 1053 1918 causus
1064 1871 1228 1928 audiendus,
1243 1873 1285 1920 ael
1297 1879 1372 1920 recta
1379 1871 1490 1932 judicia
1500 1873 1591 1920 termi-

953 1933 1068 1980 uaudu:
1083 1933 1174 1994 iisque
1187 1933 1350 1980 aduocatum
1369 1933 1492 1980 orunium
1508 1933 1591 1980 Pres-

953 1993 1111 2056 5515151554
1129 1995 1161 2040 45
1172 1999 1229 2042 4515
1242 1993 1368 2040 Souania
1382 1993 1500 2052 fideliter
1514 2001 1591 2054 5551,

953 2069 1089 2116 superque
1109 2055 1229 2102 Vicarios
1244 2061 1269 2102 54
1285 2053 1417 2102 Scabiuas
1432 2069 1497 2116 quas
1508 2057 1591 2104 subse

953 2117 1041 2174 55551,
1056 2115 1204 2176 diligenter
1215 2115 1352 2176 inquirat,
1365 2121 1390 2164 et
1412 2115 1591 2164 animaduer-

953 2181 995 2224 tat
1010 2177 1145 2236 1145111545
1164 2189 1214 2224 sua
1235 2177 1328 2224 sedulo
1346 2181 1504 2236 peragant:
1526 2183 1592 2224 tau-

954 2239 1015 2286 dem
1028 2239 1102 2286 idem
1121 2237 1212 2284 Comes
1233 2237 1327 2284 amnia
1340 2249 1391 2284 suo
1405 2237 1455 2284 sibi
1469 2237 1592 2298 siugula-

953 2299 1021 2346 riter
1048 2313 1065 2346 a
1088 2297 1166 2344 55545
1181 2297 1343 2358 praescripta
1364 2303 1417 2344 tota
1442 2305 1543 2344 conatu
1559 2311 1592 2344 ac

952 2359 1057 2406 5411555
1082 2357 1221 2420 perpetu,
1252 2365 1302 2406 etc.
1328 2359 1408 2406 Adde
1435 2359 1592 2406 Alcuinum

953 2419 1046 2480 Epist.
1066 2419 1106 2468 35.
1123 2419 1162 2466 Ut
1180 2419 1277 2468 autem
1299 2419 1342 2466 illi
1358 2419 1464 2476 maliis,
1478 2429 1528 2468 555
1544 2419 1592 2478 ,15-

954 2479 1039 2528 515115
1061 2479 1187 2540 publicis
1207 2479 1404 2540 5155555554,
1418 2479 1522 2528 docent
1541 2479 1593 2526 Ju-

953 2541 1050 2590 dieata
1068 2543 1097 2590 et
1121 2537 1239 2590 Notitiae
1262 2539 1382 2600 veteres,
1398 2539 1428 2586 in
1449 2539 1592 2588 Chronico

953 2601 1047 2650 sancti
1063 2601 1187 2658 Benigni
1209 2603 1238 2650 54
1261 2599 1401 2650 Besuensi
1419 2611 1477 2648 non
1493 2601 1591 2662 semel,

953 2665 983 2712 et
998 2663 1074 2722 apud
1093 2661 1251 2710 Perardum
1267 2661 1297 2708 15
1315 2661 1511 2720 Burgundicis
1524 2673 1590 2722 pag.

953 2723 992 2770 34.
1010 2723 1049 2770 85.
1068 2721 1122 2770 141.
1139 2723 1195 2770 143.
1213 2723 1350 2784 praeterea
1371 2721 1592 2770 5145811515-

953 2783 1005 2830 rici
1038 2781 1140 2832 Abbat.
1166 2783 1393 2832 Bandemundus
1417 2783 1446 2830 in
1473 2783 1522 2830 Vit
1564 2783 1591 2832 S.

953 2843 1077 2892 Amamii
1094 2855 1121 2890 n.
1143 2843 1183 2894 13.
1205 2843 1312 2890 Charta
1329 2843 1469 2892 Ludovici
1484 2843 1591 2904 Ρ11515

953 2905 1093 3014 Htispauis
1106 2907 1176 2952 4515.
1196 2905 1311 2952 211154.
1332 2905 1434 2952 Franc.
1456 2915 1521 2966 pag.
1535 2903 1590 2952 321.

953 2977 1008 3014 55.

986 3025 1083 3084 Neque
1120 3023 1236 3072 Comites
1272 3023 1410 3072 15515515
1448 3025 1592 3074 duntaxat

953 3085 1049 3134 obiere
1062 3085 1201 3144 51551515,
1216 3085 1265 3134 555
1278 3085 1306 3132 et
1316 3085 1470 3146 populares
1483 3097 1551 3134 suos
1561 3085 1591 3132 in

953 3145 1062 3208 prelia,
1073 3147 1102 3194 et
1115 3147 1211 3194 castra
1225 3145 1403 3194 eduxerunt:
1418 3157 1451 3194 55
1464 3145 1591 3206 demum,

953 3207 1032 3266 quia
1048 3207 1182 3268 Principe
1194 3217 1245 3266 pro
1259 3205 1342 3256 115145
1352 3205 1535 3268 5155555451,
1551 3207 1593 3254 15-

953 3269 1082 3316 51155545
1109 3267 1203 3318 Caroli
1231 3267 1329 3326 Magni
1356 3267 1532 3328 principatu,
1556 3269 1592 3316 55

953 3329 1080 3376 haeredes
1094 3327 1253 3386 dignitates
1279 3339 1348 3376 suas
1368 3329 1591 3388 transtulerunt,

953 3389 1066 3448 Regum
1088 3387 1218 3448 ipsorum
1234 3391 1317 3448 nutu,
1335 3389 1376 3436 vel
1391 3389 1592 3450 petiusimpo-

953 3449 1056 3510 tentia,
1073 3461 1140 3496 5515
1156 3461 1188 3498 55
1213 3461 1304 3508 55555
1323 3451 1388 3510 5554
1413 3451 1591 3498 Ν51155555-

954 3523 1019 3560 1515
1033 3511 1180 3568 15551555,
1194 3509 1352 3560 1151515545
1365 3511 1534 3572 Principum
1546 3523 1592 3572 55-

953 3571 1068 3630 testate,
1091 3571 1237 3620 Comitum
1261 3573 1399 3622 crevisset
1423 3573 1592 3632 5554514455,

955 3633 988 3680 54
1000 3643 1073 3690 aegre
1087 3631 1123 3680 55
1148 3633 1185 3680 115
1203 3631 1312 3702 quibus
1329 3633 1506 3694 praeiuerant
1520 3645 1593 3694 515-

955 3693 1074 3742 15545115
1084 3703 1210 3742 amover1
1217 3695 1336 3754 possent
1348 3695 1400 3742 5111
1413 3705 1446 3742 55
1454 3693 1592 3744 haeredes

955 3753 1115 3812 Quantum
1134 3755 1262 3816 primum
1284 3753 1338 3802 555
1351 3755 1452 3804 Cereio
1473 3755 1501 3802 C.
1518 3755 1593 3804 obti-

954 3817 1054 3864 nuisse
1075 3817 1233 3864 ostendunt
1255 3817 1336 3864 111155
1352 3815 1531 3878 Capitularia
1547 3817 1592 3866 tit.

953 3875 993 3924 43.
1009 3875 1062 3924 sub
1078 3875 1166 3924 finem
1183 3889 1217 3924 ca
1241 3915 1245 3924 .
1262 3877 1285 3926 3.
1302 3877 1346 3938 [aa
1362 3879 1438 3938 5555
1457 3877 1592 3928 Carisiac.

954 3947 1021 3986 ann.
1038 3937 1106 3998 817]
1121 3951 1126 3984 :
1153 3937 1184 3984 Si
1223 3951 1295 3986 omes
1310 3937 1342 3988 de
1360 3939 1411 3986 isto
1423 3951 1507 3998 reque
1522 3939 1593 3986 obie-

953 3997 1000 4058 rit,
1014 3999 1094 4058 cujus
1109 3997 1184 4058 ptius
1198 3999 1339 4046 nobiscum
1352 3997 1396 4060 sit,
1412 3999 1487 4060 filius
1500 4005 1594 4048 uester

954 4073 1016 4106 curn
1039 4057 1143 4108 cateris
1169 4059 1296 4120 fidelibus
1316 4059 1420 4108 uostris
1439 4059 1547 4108 ordinet
1561 4059 1593 4108 de

954 4119 997 4166 liis
1019 4119 1066 4180 qui
1092 4119 1182 4168 eidem
1206 4117 1305 4168 Comitt
1315 4121 1380 4182 plus
1394 4119 1552 4180 familiares
1568 4125 1593 4168 et

950 4181 1163 4242 propinquiores
1177 4177 1293 4242 fuerint,
1316 4183 1445 4242 quicum
1467 4181 1579 4230 51154515

953 4243 1070 4290 cialibus
1076 4243 1164 4302 ipsius
1174 4241 1334 4304 Comitatus,
1348 4249 1446 4292 etcum
1459 4243 1594 4304 Episcopo

953 4303 984 4350 in
998 4305 1077 4366 cujus
1095 4303 1230 4364 parocbia
1244 4303 1331 4362 fuerit
1349 4303 1407 4364 ipse
1431 4301 1592 4360 Comitatus,

952 4365 1045 4426 ipsum
1060 4365 1227 4414 Comitatum
1239 4365 1401 4426 prauideat,
1419 4377 1506 4424 usque
1526 4365 1593 4412 dum

951 4427 1029 4474 uobis
1056 4425 1242 4486 renuntietur,
1269 4429 1301 4474 ut
1325 4425 1418 4486 1414515
1445 4423 1523 4474 illius
1545 4425 1593 4486 qui

951 4489 1092 4536 uobiscum
1107 4487 1168 4546 erit,
1184 4487 1216 4534 de
1229 4487 1376 4534 bonoribus
1386 4487 1462 4534 illius
1480 4487 1593 4536 1155515-

950 4565 1020 4600 1555.
1038 4549 1068 4598 si
1079 4555 1174 4598 autem
1184 4549 1275 4610 filium
1285 4549 1437 4608 paruulum
1456 4549 1590 4610 habitarit,

950 4625 1014 4660 cum
1032 4609 1261 4660 titiuisterialibus
1289 4609 1376 4670 ipsius
1400 4609 1552 4658 Comitatus
1566 4617 1592 4658 et

950 4673 1085 4734 Episcopo
1103 4673 1134 4720 45
1142 4673 1222 4732 cujus
1231 4673 1365 4732 parocbia
1376 4669 1509 4728 coassistit,
1519 4685 1591 4720 eum¹

952 4733 1014 4782 dem
1028 4731 1461 4794 055445151551551555155555
1478 4733 1514 4780 ad
1527 4747 1591 4780 555-

950 4799 1023 4842 11515
1032 4795 1162 4842 5541445111
1167 4793 1357 4854 perueuiutSi
1365 4807 1427 4842 uero
1436 4793 1525 4856 filium
1537 4807 1591 4840 555

950 4855 1086 4912 babuerit,
1102 4855 1179 4918 141455
1200 4861 1292 4904 555151
1306 4867 1368 4902 51115
1383 4855 1488 4904 caeteris
1501 4855 1591 4916 fideli·

950 4915 1116 4966 5555551145
1132 4915 1249 4974 ordinet,
1268 4915 1314 4978 qui
1339 4929 1400 4962 cuin
1419 4915 1592 4964 trtiuisteriu·

952 4977 1022 5024 libus
1032 4977 1122 5038 ipsius
1134 4977 1287 5028 Comitatus
1300 4983 1325 5026 et
1337 4977 1471 5038 Episcopo
1481 4977 1592 5038 proprio

950 5039 1041 5098 ipsum
1056 5039 1223 5088 Comitatum
1242 5037 1395 5100 praevideat
1409 5039 1492 5086 donec
1504 5037 1592 5098 jussio

951 5103 1047 5146 555115
1059 5101 1126 5148 4555
1140 5101 1199 5162 fiat.
1214 5101 1250 5148 Et
1262 5113 1313 5158 pro
1326 5101 1374 5146 555
1386 5099 1434 5146 4115
1448 5113 1505 5146 555
1520 5097 1593 5146 4155-

951 5165 1032 5206 catur
1060 5161 1109 5222 qui
1134 5161 1215 5210 illum
1240 5161 1407 5208 Comitatum
1423 5159 1591 5222 praeciderit,

950 5221 975 5266 si
986 5223 1104 5270 osiridem
1118 5221 1286 5272 Cobulatum
1297 5221 1379 5272 alieri
1389 5221 1518 5270 55155515
1528 5221 1593 5280 pla-

951 5285 1039 5330 cuerit
1058 5283 1225 5346 dederimus,
1242 5297 1325 5346 quam
1342 5283 1591 5344 111155451151555-

952 5349 1030 5390 tentis
1044 5345 1182 5404 praeridit.
1199 5345 1236 5394 Et
1250 5357 1311 5406 555.
1329 5347 1377 5394 10:
1397 5345 1428 5392 Si
1442 5343 1545 5404 aliquis
1559 5359 1593 5392 ea

950 5403 1079 5466 fidelibus
1091 5405 1194 5452 uostris
1204 5409 1266 5464 post
1284 5407 1386 5452 5541515
1405 5413 1528 5452 nostrum
1543 5405 1594 5454 Dei

950 5469 977 5514 et
995 5469 1086 5512 inostro
1116 5477 1208 5512 autore
1233 5471 1419 5526 cortipuuctus,
1440 5467 1538 5514 saeculo
1553 5479 1592 5516 re·

950 5525 1084 5574 55541515
1109 5525 1244 5584 uoluerit,
1271 5531 1298 5574 et
1322 5527 1413 5588 filium
1445 5529 1487 5578 cel
1511 5529 1593 5578 talem

1917 229 1997 294 Con
2219 239 2283 304 423

1614 403 1620 442 1
1640 395 1826 458 propinquum
1845 391 1971 442 babuerit
1986 395 2034 454 554
2048 397 2202 456 reipublicae
2215 415 2285 460 pro-

1643 459 1717 506 desse
1729 455 1852 512 15155111,
1868 469 1929 502 suos
1954 453 2079 514 honores,
2090 463 2173 516 prout
2185 463 2283 508 melius

1643 519 1765 576 uoluerit,
1789 523 1814 566 et
1829 517 1920 568 551554
1935 515 2080 578 placitare.
2104 517 2217 568 Similia
2230 523 2283 568 ha·

1643 579 1747 628 5511451
1763 591 1824 642 555.
1841 581 1863 628 3.
1881 579 1922 628 Ex
1937 577 2043 640 quibus
2058 579 2139 640 patet
2155 591 2213 628 555
2238 583 2281 630 45-

1643 655 1719 690 51515
1748 643 1899 702 1155515455
1932 639 2091 700 dignitates
2122 637 2221 688 liberis
2249 655 2283 690 ac

1641 703 2052 764 propinquioribusComitum
2061 699 2232 760 lueredibus3
2247 705 2283 752 ad

1642 777 1722 824 quos,
1746 765 1959 814 interveniente
1978 765 2076 812 tamen
2090 763 2202 822 Regum
2219 775 2283 812 555-

1642 837 1734 884 55555,
1751 827 1920 888 5151515555
1935 825 2221 876 transmittebantur.
2232 825 2283 874 At-

1641 899 1695 946 que
1724 889 1791 936 1555
1821 889 1946 950 primam
1974 887 2222 938 baereditariorum
2253 887 2283 934 in

1642 949 1765 998 Francia
1783 951 2000 1012 principatuum
2024 949 2141 998 fitixisse
2168 949 2284 996 constat

1642 1011 1794 1070 originem,
1807 1011 1856 1072 qui
1870 1011 1923 1060 555
1938 1011 2071 1060 secernite
2087 1011 2198 1070 Regum
2214 1009 2283 1058 stir-

1643 1071 1686 1132 pis
1712 1073 1831 1132 exitum,
1859 1075 2003 1136 prostrata
2029 1075 2088 1122 1515
2112 1085 2146 1122 55
2168 1071 2282 1132 5115555

1642 1133 1929 1242 ἓ5515ὶ55545114545,
1944 1135 2062 1196 agnosci
2076 1147 2196 1198 5555515.
2210 1133 2281 1182 Vide

1664 1207 1733 1240 ousu
1758 1207 1782 1242 a.

1673 1255 1784 1312 35555,
1801 1257 1877 1326 apud
1891 1259 2073 1318 Burgundos,
2088 1257 2182 1306 551155
2196 1269 2277 1304 uoca-

1641 1315 1731 1376 batur,
1748 1317 1840 1364 545415
1861 1319 1909 1378 qui
1926 1319 2010 1366 115515
2024 1319 2280 1382 11555151555554145-

1641 1377 1695 1438 bat,
1723 1379 1817 1438 inquit
1842 1381 1991 1430 Ditmarus
2019 1381 2067 1430 115,
2096 1383 2117 1428 1.
2145 1393 2210 1444 pag.
2238 1381 2277 1428 32.

1641 1439 1749 1488 Eadem
1768 1439 1911 1490 55555151
1937 1441 1968 1490 iu
1993 1443 2133 1492 Chronico
2161 1443 2278 1502 115555-

1643 1499 1853 1610 5515511ὂῗ11413.
1865 1501 1980 1552 553151.
1997 1505 2023 1552 S.
2038 1503 2173 1554 Germani
2184 1505 2275 1552 Paris.

1642 1573 1708 1610 ann.
1790 1599 1794 1610 .

1673 1621 1806 1672 (1555155
1820 1623 1982 1682 5155115555
1996 1635 2029 1672 55
2042 1625 2128 1674 Duces
2144 1637 2205 1674 sese
2221 1627 2277 1674 ins-

1641 1683 1776 1744 cripsisse
1790 1683 1944 1732 Armoricae
1956 1685 2104 1746 Principes
2135 1687 2275 1746 alamest,

1642 1745 1673 1794 54
1697 1745 1725 1792 54
1750 1745 1897 1792 154515515
1918 1745 2104 1794 Normanuiae
2148 1749 2277 1804 ynastas.

1641 1805 1693 1916 &De
1709 1807 1810 1866 primis
1834 1805 1952 1854 5555515
1975 1807 2007 1852 D.
2033 1807 2145 1856 Brussel
2166 1809 2278 1858 45151.

1661 1867 1856 1916 eFeudorum
1877 1879 1931 1916 usu
1953 1879 2018 1928 pap.
2042 1867 2096 1916 138.
2117 1867 2282 1930 54133155

1642 1929 1794 1990 postremis
1808 1927 1947 1978 15151155
1962 1927 2116 1988 Hugonem
2131 1927 2279 1978 Flavinia-

1641 2001 1756 2040 censem
1776 1991 1805 2038 in
1829 1989 1970 2040 Chronico
1991 2001 2057 2050 pag.
2074 1987 2127 2038 184.
2150 1989 2203 2038 186.
2225 1991 2281 2040 131.

1642 2053 1811 2102 0155115551
1834 2051 1960 2100 Vitalem
1980 2053 2008 2100 et
2030 2051 2205 2100 Ademarum
2221 2063 2279 2100 555

1642 2125 1698 2164 555
1726 2115 1801 2170 1555;
1835 2113 1974 2162 Glabrum
2000 2113 2158 2160 Rodullum
2182 2111 2231 2160 lib.
2256 2113 2280 2160 2.

1641 2185 1703 2236 cap.
1724 2175 1746 2222 8.
1775 2173 1953 2222 Gaulredum
1973 2173 2159 2222 Malaterram
2181 2173 2229 2220 lib.
2255 2175 2280 2224 1.

1642 2247 1704 2298 cap.
1720 2237 1758 2284 43.
1773 2233 2171 2284 31115515558554555115555
2186 2233 2217 2282 in
2228 2235 2281 2296 Ap-

1642 2297 1762 2356 pendice
1778 2307 1840 2356 cap.
1856 2295 1879 2344 3.
1896 2295 2080 2352 Anonymum
2097 2295 2130 2344 de
2148 2295 2281 2344 Miracul.

1643 2357 1671 2404 S.
1689 2357 1770 2404 Fidis
1785 2367 1818 2404 ca
1844 2391 1848 2404 .
1869 2357 1908 2406 14.
1929 2355 2075 2404 Adamum
2094 2355 2280 2404 Bremensem

1642 2427 1704 2476 cap.
1718 2417 1757 2466 31.
1772 2415 1827 2464 Gaii
1850 2419 1953 2466 ertum.
1969 2415 2017 2464 115.
2034 2415 2057 2464 1.
2078 2417 2112 2464 55
2134 2415 2271 2474 Ρ1555115

1643 2477 1773 2524 Sanctor.
1787 2489 1848 2536 555.
1862 2479 1885 2524 4.
1901 2475 1947 2536 §L
1962 2475 2104 2524 Translat.
2118 2477 2145 2524 S.
2162 2477 2280 2538 Sulpitii

1643 2539 1719 2598 apud
1733 2537 1907 2586 Bollaudum
1922 2539 1990 2586 tom.
2013 2537 2037 2584 2.
2059 2547 2124 2598 pag.
2150 2537 2205 2586 788.
2226 2539 2281 2584 Mi-

1642 2611 1731 2646 raeum
1745 2597 1794 2646 lib.
1816 2597 1839 2644 1..
1855 2597 2013 2656 Diplomat.
2030 2597 2136 2656 Belgio.
2159 2609 2220 2658 cap.
2240 2599 2280 2646 23.

1642 2659 1731 2708 1152.
1756 2671 1818 2720 555.
1845 2659 1884 2706 23.
1910 2657 2015 2708 Cluen.
2038 2659 2189 2718 Rotomag.
2211 2671 2279 2706 555.

1641 2719 1712 2768 1025.
1727 2719 1796 2768 1343,
1810 2719 1992 2768 115155115515
2006 2719 2037 2768 15
2051 2719 2184 2778 Augusta
2196 2719 2280 2768 Viro-

1641 2783 1739 2830 maud.
1756 2781 1904 2832 5551315.
1921 2781 2109 2842 Spicilegtum
2124 2781 2278 2830 Acherian.

1641 2843 1710 2890 tom.
1725 2841 1827 2902 apag.
1848 2843 1903 2890 611.
1926 2841 1980 2890 613.
2003 2843 2079 2890 11154.
2101 2841 2280 2890 1155155155-

1641 2901 1752 2952 ciacam
1767 2915 1832 2962 pag.
1844 2903 1882 2952 13.
1898 2903 2054 2964 [Anecdota
2070 2903 2191 2952 Marica.
2210 2903 2281 2950 tom.

1641 2963 1664 3012 1.
1679 2963 1734 3012 551.
1747 2961 1813 3024 154]
1829 2965 1882 3012 545.

1673 3025 1820 3072 Continuat
1835 3025 1924 3072 etiam
1945 3035 2049 3072 551555
2071 3023 2218 3072 interdum
2234 3025 2279 3072 at-

1641 3083 1785 3132 tributum
1801 3085 2068 3142 legiturAdvocatis
2081 3085 2279 3132 Ecclesiarum

1642 3145 1869 3206 Cathedralium,
1883 3145 1959 3204 qnod
1970 3145 2155 3206 potissimum
2168 3145 2280 3194 eruitur

1642 3217 1676 3254 ex
1704 3207 1811 3256 Charta
1836 3205 1944 3256 Odonis
1967 3205 2102 3268 Episcopi
2132 3205 2278 3256 Tutiensis

1642 3277 1710 3316 ann.
1735 3267 1804 3316 1533.
1832 3269 1910 3328 5555
1937 3267 2149 3326 Hieronymum
2176 3267 2280 3326 Vigna-

1642 3329 1719 3376 rium
1733 3329 1764 3376 in
1784 3327 1909 3376 Familia
1931 3327 2058 3376 Alsatica
2081 3341 2145 3390 pag.
2173 3327 2228 3376 127.
2246 3339 2280 3376 ex

1642 3399 1699 3448 555
1733 3389 1851 3436 omnino
1877 3391 2013 3438 55551551
2039 3389 2124 3438 hosce
2154 3389 2280 3438 Comites

1642 3449 1879 3498 vassallostuisse
1893 3451 2110 3514 Episcopornm,
2124 3449 2160 3498 55
2174 3451 2281 3498 115155-

1642 3511 1746 3560 4145455
1771 3513 1799 3560 et
1828 3511 1983 3574 depositae,
2010 3513 2038 3560 et
2066 3511 2277 3562 Advocatorum

1642 3571 1737 3622 5111515
1750 3571 1875 3622 1555455.
1895 3571 2045 3632 Ejusmodi
2058 3573 2138 3622 fuere
2152 3573 2278 3622 Comites

1643 3631 1873 3690 CameracenseS,
1889 3635 1917 3682 et
1932 3633 2138 3694 virdunenses,
2156 3645 2279 3692 quarum

1643 3693 1795 3742 civitatum
1818 3693 1969 3754 Episcopis
1995 3695 2031 3744 55
2051 3693 2279 3756 imperatoribus

1643 3755 1711 3804 data
1724 3757 1768 3804 554
1781 3755 1906 3804 facultas
1924 3753 2045 3816 eligendi
2059 3753 2196 3810 Canitiem,
2214 3753 2276 3802 abs-

1643 3815 1883 3876 queliareclitario
1905 3817 1979 3876 jure,
1997 3819 2027 3866 ut
2051 3817 2095 3864 est
2118 3817 2149 3864 15
2172 3815 2279 3864 Charta

1643 3877 1829 3936 Vasionensi,
1847 3889 1895 3926 seu
1910 3877 2031 3940 54455554
2046 3877 2178 3926 Comitem
2192 3877 2277 3936 nude,

1644 3941 1676 3988 ut
1691 3937 1722 3988 in
1735 3937 1843 3988 Charta
1857 3939 1976 3988 Henrici
1991 3937 2064 4000 Imp.
2079 3949 2129 4000 pre
2145 3937 2276 3986 Ertwine

1643 4001 1738 4060 Epise.
1754 4001 1900 4048 Camerac.
1914 4011 1981 4048 ann.
2001 3999 2070 4048 1007.
2086 3999 2161 4060 apud
2180 3997 2278 4048 Calve-

1643 4061 1757 4108 nerium
1769 4063 1798 4108 in
1817 4061 1901 4110 Notis
1920 4061 1955 4108 ad
1978 4059 2154 4108 Baldricum.
2171 4061 2280 4120 Neque,

1643 4121 1753 4182 opiner,
1778 4121 1827 4168 alii
1852 4123 1931 4170 inere
1947 4119 2072 4168 Comites
2093 4121 2141 4180 qui
2165 4121 2278 4170 ratione

1644 4183 1843 4230 Comitatuum
1873 4191 1992 4230 suorum
2024 4181 2219 4230 Ecclesiarum
2251 4183 2280 4230 et

1643 4243 1853 4352 Elpiscoporum
1868 4243 1950 4290 erant
1971 4243 2098 4302 vassalli,
2112 4243 2146 4292 55
2171 4241 2275 4302 quibus

1643 4315 1725 4354 aras

1673 4365 1818 4422 Contrane,
1832 4363 2021 4412 Centuriones
2034 4363 2081 4422 qui
2098 4363 2237 4412 centuriis
2251 4365 2280 4414 54

1642 4427 1748 4476 turritis
1758 4421 1935 4474 militaribus
1946 4425 2088 4484 preerant
2102 4423 2280 4486 1555515145,

1642 4487 1713 4536 dicti
1727 4489 1802 4548 apud
1817 4485 1930 4534 Graecos
1943 4485 2126 4534 recentiores.
2137 4485 2282 4536 Constan-

1642 4549 1723 4596 tinus
1738 4545 1977 4618 Porpbyrogenit.
2000 4545 2050 4594 lib.
2076 4547 2099 4596 1.
2123 4547 2159 4598 de
2181 4549 2281 4598 Them.

1642 4621 1704 4668 cap.
1721 4609 1752 4656 1:
1771 4607 1900 4668 Κόμητας,
1914 4621 1971 4660 τους
1986 4611 2028 4654 viru
2044 4609 2206 4672 στρατηγούς.
2224 4609 2281 4660 Leo

1641 4669 1672 4716 in
1688 4669 1767 4716 Tact.
1783 4679 1844 4726 cap.
1860 4667 1883 4714 3.
1898 4663 1909 4726 ξ
1922 4667 1969 4716 10:
1987 4667 2073 4728 iilum
2087 4669 2112 4718 44
2126 4667 2191 4720 ἔστιν
2209 4671 2277 4720 5155

1642 4729 1694 4784 an:
1718 4729 1763 4792 τάγ
1787 4747 1860 4788 uros,
1890 4725 1944 4788 1551
1974 4729 2063 4778 Coi-riou
2092 4727 2282 4794 insarcinatur,

1640 4791 1739 4840 idem:
1761 4747 1792 4838 iii
1809 4789 1923 4852 5555555,
1940 4789 2016 4854 ipo-rr
2038 4791 2058 4840 oi
2075 4801 2122 4840 rau
2139 4795 2278 4856 >suspirari

1643 4851 1740 4912 511151
1759 4851 1885 4914 &ip-posui.
1913 4853 1993 4900 Idem
2018 4853 2227 4906 Constantinus
2249 4855 2280 4904 15

1643 4915 1750 4962 Τ55415.
1765 4925 1830 4972 pag.
1847 4913 1874 4960 [lt
1889 4911 1986 4974 Ostiis:
2002 4913 2107 4964 ἕκαστον
2121 4917 2203 4980 rippa
2219 4921 2280 4966 15151

1643 4975 1740 5034 Curium
1756 4973 1821 5038 ’ἔχειν
1838 4975 1881 5022 uui
1895 4975 1992 5036 5451111
2016 4975 2082 5040 ’ἔχειν
2105 4977 2222 5038 55511551
2235 4979 2279 5026 nai

1646 5033 2049 5098 1141511,55155115515551
2068 5039 2127 5098 perit
2152 5047 2193 5100 τῆς
2216 5035 2280 5092 iiim

1643 5095 1734 5160 χειρὸς.
1763 5095 1804 5156 [iii
1830 5095 1920 5146 Labb.
1949 5097 2041 5148 Gloss.
2073 5097 2156 5146 Verb.
2193 5099 2280 5146 Jurz

1644 5157 1767 5220 Kbpugd
1786 5155 1841 5218 pisa,
1863 5159 2081 5224 15455154151151,
2108 5155 2126 5224 ᾧ
2152 5161 2193 5210 nai
2222 5159 2280 5206 iuu-

1643 5221 1779 5284 551155καῖ
1793 5219 1994 5284 immaurus]

1674 5281 1785 5344 Canas,
1802 5283 1949 5346 8515155,
1978 5285 2061 5334 Italis
2087 5279 2281 5350 Canuleiani

1643 5345 1689 5394 elie
1713 5345 1785 5394 nelle
1808 5347 1897 5408 pallee
1913 5345 2077 5394 corrtrnauda
2091 5343 2149 5390 5115
2165 5355 2281 5398 ciurana,

1643 5407 1735 5456 Gallis
1752 5405 1863 5470 Comite,
1880 5409 1934 5468 Qui
1951 5407 2056 5458 turmis
2072 5417 2106 5452 55
2120 5403 2211 5464 555115
2225 5401 2282 5450 mi-

1643 5469 1779 5520 litaribus
1803 5483 1833 5518 m
1850 5471 1976 5530 navigiis
1994 5467 2106 5530 praeest.
2127 5465 2218 5524 Leges
2234 5465 2283 5512 Ai-

1643 5531 1767 5582 ionsinae
1785 5535 1859 5594 part.
1876 5533 1899 5580 2.
1916 5533 1962 5580 tit.
1978 5531 2018 5580 34.
2033 5527 2134 5588 15554;
2156 5525 2287 5576 Comitres
