5076 6258
565 237 642 304 GEN

281 415 362 452 muro
394 403 514 452 iecisse:
545 401 629 460 cnjus
662 399 909 448 contabulationem

280 477 415 514 summum
429 463 559 512 lateribus
572 463 681 522 lutoque
693 467 909 526 constrauerunt,

279 541 315 574 ne
329 525 397 586 quid
407 523 480 586 ipnis
494 523 613 572 bostium
627 535 722 572 nocere
729 531 826 586 posset,
844 523 910 574 Cen·

281 591 408 648 ionesque
429 585 543 646 insuper
563 585 724 646 injecerunt,
740 599 774 634 ne
791 589 910 634 4444414

280 647 422 696 tormentis
442 645 525 694 missa
543 645 740 696 tabulationem
751 647 910 710 44444444-

280 715 351 768 rent,
371 713 421 754 aut
443 719 511 754 sara
533 721 566 756 eu
587 711 648 756 cota
670 709 734 756 ultis
754 709 909 758 latericium

281 769 457 840 dispaterent.
482 769 524 816 Ex
545 723 690 840 44144414
709 773 852 832 Caesareis
867 771 910 818 14-

281 832 342 890 quit
366 829 502 878 laudatus
533 831 657 892 Scriptor
680 833 908 886 illustrissimus,

280 892 398 952 apparet
414 901 464 938 cur
478 891 641 942 Centonarii
658 905 714 942 una
730 895 909 954 444144444-

279 955 328 1002 tur
340 963 405 1000 cum
421 953 531 1010 144414,
547 955 700 1014 Tigaariis,
722 951 908 1008 DolabrariiS,

281 1013 425 1070 Scalariis,
450 1015 478 1062 et
503 1015 717 1078 Dendrophoris
740 1015 815 1076 apud
841 1013 909 1060 Gru-

279 1077 374 1124 terum
402 1075 432 1122 in
460 1075 530 1126 locis
557 1089 572 1126 a
600 1079 707 1138 Canglo
730 1075 856 1124 laudatis
881 1074 909 1120 et

281 1133 349 1184 alibi
365 1153 369 1192 ;
384 1135 521 1186 nimirum
536 1141 633 1200 utpote
647 1139 695 1198 qui
709 1135 826 1192 singuli,
842 1133 909 1182 licet

279 1197 355 1246 inter
368 1207 396 1246 se
411 1199 525 1258 diversi,
539 1201 666 1248 attamen
682 1207 781 1246 omnes
800 1195 830 1242 in
846 1205 909 1242 cas-

278 1257 425 1308 trensibus
446 1262 473 1308 44
494 1261 646 1310 navalibus
668 1255 796 1306 4441114114
821 1255 909 1304 sartis

279 1319 418 1378 tectisque
431 1321 578 1370 servandis
589 1315 822 1424 occupabanturg
833 1315 909 1388 unde

279 1391 343 1440 pag.
366 1381 420 1430 440.
443 1381 466 1430 6.
489 1383 517 1432 41
538 1381 591 1430 481.
615 1381 637 1426 9.
683 1379 823 1424 entonaru
845 1391 909 1446 Jun3

279 1443 387 1500 guntur
405 1441 602 1490 Nauiculariis.
623 1441 723 1496 Itaque
749 1435 909 1486 Centonarit

278 1506 368 1558 erant,
384 1505 431 1564 qui
446 1503 570 1558 arcibus,
587 1499 709 1548 navibus
725 1499 753 1546 et
766 1499 908 1548 militibus

278 1561 411 1612 Centones
422 1565 500 1624 ipsos
515 1561 673 1612 offerendos
688 1559 838 1609 curabant.

307 1621 603 1676 4101410114111118,
620 1619 724 1680 adjeci.
742 1621 774 1668 ln
791 1623 909 1672 modum

277 1687 407 1746 centonis,
420 1687 495 1744 apud
509 1681 616 1730 Tertul.
630 1681 664 1750 de
675 1681 834 1742 Praescripi.
845 1693 907 1744 cap.

275 1747 359 1796 3941
381 1741 548 1796 14144444.
574 1741 596 1790 1.
613 1741 691 1800 erig.
707 1753 768 1802 cap.
796 1743 834 1792 49,
857 1757 908 1806 pro

276 1807 466 1856 Centenarius.

305 1861 609 1918 42.οΕ1110114111118,
630 1863 808 1926 Fasciculus
834 1867 906 1916 Gall.

273 1929 360 1986 Botte,
386 1929 417 1974 ut
439 1925 561 1972 videtur.
587 1925 787 1976 8444144441.
811 1927 860 1976 lib.
881 1927 906 1978 3.

273 1999 339 2050 pag.
353 1987 390 2036 57.
407 1995 437 2032 r⁰.
452 1985 510 2032 :De
525 1989 644 2044 quatuor
660 1983 835 2038 Centonariis
852 1991 908 2038 ulei

274 2053 301 2098 et
311 2047 397 2106 infra,
411 2051 459 2092 etc.

305 2103 510 2156 CENTONGUM.
527 2105 599 2168 stat.
623 2107 735 2158 441444.
750 2107 847 2158 abida
862 2111 907 2158 14-

269 2169 340 2218 1441.
363 2169 487 2226 pariam:
518 2165 689 2230 Centonpum
712 2173 737 2218 et
758 2173 836 2228 44114,
856 2185 907 2232 po-

271 2233 379 2278 nantur
391 2233 417 2276 et
431 2229 540 2276 solvant
555 2243 606 2290 pro
617 2231 775 2278 centenario
791 2233 835 2280 lib.
850 2233 905 2294 avj.

341 2287 516 2358 0111101114,
545 2291 655 2340 Plantae
683 2305 783 2352 genas.
811 2295 830 2344 i.
856 2305 906 2354 pro

273 2353 410 2406 Centurio,
425 2351 623 2412 Centaurium,
643 2353 804 2402 Centaure'e.
821 2353 906 2402 Char-

270 2411 324 2458 tnl.
345 2413 447 2460 114144.
470 2413 539 2460 tom.
558 2413 581 2460 1.
603 2413 717 2462 Probat.
737 2415 813 2462 Hisi.
833 2415 904 2464 Brit.

270 2473 324 2520 col.
339 2473 383 2520 581
403 2489 407 2518 ε
431 2473 543 2520 Terram
559 2473 639 2520 illam
657 2481 751 2524 sancto
767 2473 906 2524 Salvatori

270 2537 297 2582 et
315 2533 456 2580 monacbis
472 2533 672 2584 Rotonensibus
691 2537 722 2584 44
740 2541 906 2596 perpetuum

266 2593 465 2656 possidendam
480 2597 510 2642 in
534 2609 621 2644 manu
638 2597 729 2644 144444
740 2597 843 2658 prioris
855 2611 906 2658 per

268 2669 379 2704 ramum
392 2655 488 2712 herbe,
500 2671 559 2718 uita
572 2657 674 2704 dicitur
688 2659 831 2716 Centonia‚
845 2671 905 2706 con-

269 2717 347 2764 cessit
365 2721 390 2764 et
407 2717 531 2764 tradidit.

301 2777 498 2838 sauromata,
525 2779 624 2840 Cento,
648 2781 737 2830 vestis
761 2791 795 2828 ex
815 2781 903 2830 variis

268 2839 434 2900 panniculis
460 2841 673 2900 consarcinata,
699 2841 846 2898 Kantanos,
872 2843 903 2888 in

269 2901 336 2950 Vita
353 2901 378 2950 S.
392 2901 544 2960 nathania
559 2899 630 2952 444.
647 2913 663 2952 a
677 2901 783 2960 Cyrillo
796 2905 904 2962 scripta

269 2973 330 3022 cap.
344 2961 382 3010 15.
397 2963 472 3010 inter
489 2963 587 3010 Sancti
603 2961 682 3010 illius
694 2965 788 3012 vestes
804 2973 837 3012 ac
859 2973 904 3010 su·

267 3021 441 3082 pellectilem
454 3025 630 3072 recensetur.

299 3081 540 3140 sauromatae,
569 3085 644 3132 More
671 3081 844 3142 centonario,
869 3095 904 3130 ex

267 3145 356 3192 variis
380 3145 461 3200 libris
483 3143 655 3202 describere,
674 3157 831 3204 excerpere.
849 3145 903 3190 Ru·

267 3209 366 3268 pertus
383 3205 645 3256 1411144414114.2.
662 3205 696 3254 44
714 3205 810 3254 Diria.
827 3205 903 3252 offic.

268 3277 329 3328 cap.
350 3267 387 3316 at.
406 3269 509 3316 Chroa.
527 3267 742 3328 Reicbersperg.
766 3277 832 3314 ann.
848 3265 902 3330 591.

267 3329 475 3390 etEadulphus
485 3329 518 3378 de
528 3329 628 3378 Diceto
637 3327 667 3376 in
677 3325 796 3376 abbrev.
809 3327 884 3374 Hist.
896 3341 902 3372 ι

267 3387 442 3450 Greporius...
473 3387 711 3450 Antiphonarium
737 3385 905 3448 repuleriter

266 3447 463 3498 Centonizauit.
488 3451 654 3508 sigebertus
677 3449 711 3498 de
734 3445 902 3510 scriptorib.

265 3511 416 3562 Ecclesia
430 3511 524 3560 Beda:
541 3507 728 3558 centonizavit
750 3509 834 3556 etium
857 3523 903 3556 en-

260 3571 426 3680 positionem
449 3571 482 3620 in
500 3571 617 3620 Cantica
637 3571 822 3626 Canticorum,
849 3571 904 3618 col·

277 3631 342 3680 ectis
355 3633 499 3682 sententiis
513 3633 547 3682 de
560 3633 637 3682 libris
652 3631 774 3694 Greqorii
785 3631 841 3680 ΡΡ.
853 3645 904 3692 per

265 3695 374 3742 diuersa
401 3709 483 3756 opera
511 3695 599 3742 illius.
632 3695 738 3742 Chrou.
772 3691 904 3742 abbatiae

264 3755 412 3804 Gemblac.
427 3757 460 3804 44
474 3757 642 3804 Barchardo
656 3757 799 3804 Wormac.
822 3753 903 3816 Epis-

264 3827 334 3878 copo
357 3831 362 3864 :
387 3817 493 3864 Olberto
515 3817 640 3864 dictante
662 3823 688 3864 et
708 3815 903 3876 muqistrante,

263 3889 398 3938 maenum
413 3877 486 3924 illud
500 3879 646 3926 Canonum
662 3877 789 3926 uolumen
805 3875 903 3924 Cento-

263 3937 378 3996 44444,
397 3943 423 3984 44
444 3939 525 3998 quasi
546 3937 663 3986 collectis
685 3937 797 3998 aonios
812 3937 903 3984 omni-

263 3997 360 4060 formis
391 3997 503 4060 ueneris
530 3999 563 4046 de
585 4005 669 4060 prato
700 3999 903 4058 scripturarum

263 4071 391 4108 coronam
428 4059 597 4106 retiosiorem
614 4073 684 4106 auro
703 4065 729 4108 et
743 4059 856 4122 topasio,
871 4061 903 4106 in

263 4121 336 4168 edito
349 4075 474 4168 44444444
490 4119 640 4166 collocarit.
657 4121 855 4170 Tertullianus
867 4121 902 4168 de

264 4181 380 4230 Praescri
385 4183 425 4242 pt.
433 4179 545 4240 capsa:
557 4179 805 4228 Homerocentones
817 4183 903 4230 etiarn

262 4255 358 4292 uocare
372 4243 468 4302 solent,
484 4241 532 4302 qui
553 4239 587 4288 de
602 4241 771 4290 carminibus
790 4243 903 4290 Homeri

260 4305 376 4366 propria
387 4315 480 4364 operm,
493 4315 567 4348 morte
581 4299 749 4350 Centonario
761 4315 795 4352 44
806 4303 902 4352 multis

263 4365 327 4414 4444
350 4363 417 4412 4444
437 4363 591 4426 compositis
613 4363 644 4410 in
665 4377 754 4412 unum
777 4365 903 4414 sarciunt

263 4441 369 4488 corpus.
384 4425 501 4486 [Papias
514 4425 545 4474 ia
560 4425 618 4474 MS.
635 4425 756 4474 Bibasis.
771 4427 831 4474 haee
845 4429 902 4476 iria

263 4489 350 4536 simul
377 4487 508 4544 congerit
534 4491 674 4544 tanquam
704 4497 873 4544 synonyma.
895 4503 900 4534 ε

263 4549 419 4618 Gemanica,
440 4549 493 4606 aui,
522 4545 690 4606 Centuplico,
719 4545 772 4606 aui,
799 4547 902 4596 Centu-

262 4621 380 4658 rio.aot.

293 4609 512 4726 tenuissima.
532 4667 749 4716 Chartularium
766 4669 902 4720 Ecclesiae

261 4731 415 4780 auxitanae
434 4731 494 4780 MS.
517 4741 579 4790 cap.
601 4729 654 4776 114.
672 4729 705 4776 de
725 4729 854 4778 Ecclesia
867 4731 902 4780 de

261 4791 401 4840 Albiano:
425 4789 625 4852 Impipneraoit
651 4789 826 4838 medietatem
849 4791 903 4838 Ec-

262 4853 348 4900 clesiae
374 4853 408 4902 44
425 4853 575 4902 Albiano...
595 4865 647 4912 pro
665 4863 715 4900 Lx.
732 4851 779 4900 sol.
799 4851 902 4900 Marla-

262 4915 358 4962 nensis
387 4921 503 4962 monetae
535 4915 666 4974 inteura,
693 4913 764 4960 sicut
792 4913 849 4972 ipse
876 4919 902 4960 et

259 4975 471 5034 predecessores
483 4975 526 5024 sui
542 4975 699 5022 babuerunt
713 4981 739 5024 et
751 4979 903 5022 tenuerunt

263 5035 377 5084 liberam
402 5043 427 5084 et
444 5035 569 5098 quietum
593 5035 694 5098 absorte
713 5033 824 5084 seruicio
842 5049 903 5082 cum

263 5097 385 5158 decimis,
412 5103 438 5146 et
461 5095 655 5154 oblationibus,
678 5101 703 5144 et
729 5111 790 5146 cum
815 5097 902 5158 coepel-

263 5157 342 5206 lania
355 5163 380 5206 et
393 5159 537 5218 cimiterio,
551 5159 622 5208 sicut
635 5161 791 5220 antipatris
804 5159 902 5226 babue-

261 5227 315 5274 rat,
333 5227 360 5266 44
379 5219 564 5282 Centralibus,
591 5227 617 5270 44
643 5221 761 5282 acceptis
782 5233 903 5268 numinis

261 5279 427 5328 inclausum
447 5281 478 5330 B.
503 5283 609 5330 Mariae.
632 5283 651 5332 i.
676 5283 830 5342 legendam
848 5281 900 5338 est,

261 5339 486 5398 044444144441,
501 5355 524 5392 e.
540 5343 684 5392 censibus.

293 5401 505 5462 0141111114,
540 5407 631 5454 Piscis
666 5405 770 5452 marini
801 5413 901 5462 uenus.

263 5461 357 5512 Tract.
372 5465 406 5512 de
421 5465 554 5512 Piscibus
569 5477 603 5514 ex
620 5465 686 5512 044.
708 5477 765 5522 444.
786 5465 856 5512 6818.
871 5465 900 5512 C.

1241 235 1319 302 GEN

959 399 1082 458 Renard,
1097 397 1146 446 alii
1157 395 1328 446 Hu-mantsin
1340 403 1451 454 ¹uocant;
1469 399 1554 446 nostri
1568 403 1592 446 et

959 461 1143 508 Massilienses
1155 459 1242 506 Parc:
1258 471 1307 504 nec
1317 457 1347 504 id
1359 457 1460 520 inepte,
1473 461 1514 508 uel
1526 461 1592 522 quia

956 523 1032 592 porci
1044 521 1158 580 speciem
1170 519 1281 578 referat,
1295 519 1336 566 uel
1349 519 1415 580 4444
1429 521 1506 580 porci
1519 535 1593 568 more

959 597 988 630 tn
1003 595 1076 630 corno
1093 593 1118 628 se
1133 579 1243 626 volutet.

988 639 1159 698 4011111118,
1175 645 1206 688 ut
1220 639 1336 696 Cencris,
1355 655 1476 700 serpens,
1492 643 1523 688 14
1536 643 1591 690 vei.

960 703 1086 752 Glossar.
1099 713 1133 748 ex
1148 701 1215 750 044.
1230 713 1287 760 reg.
1301 701 1370 750 7613.

989 759 1140 820 0111111111,
1163 775 1179 808 4
1194 765 1311 820 centum,
1333 763 1373 810 uel
1389 769 1465 810 cento
1479 763 1591 820 dicitur,

959 829 984 870 et
1010 823 1143 868 dicuntur
1166 823 1303 870 04444444
1326 823 1487 880 meretrices,
1511 825 1590 886 litpae,

959 883 1116 942 multivira,
1130 883 1289 942 diobolares,
1304 885 1443 946 nouaria;
1458 893 1483 934 et
1499 885 1592 934 44444-

960 947 1005 990 tur
1018 957 1033 990 u
1049 951 1157 994 centum
1169 955 1281 1010 propter
1292 947 1508 1006 multitudinem,
1522 949 1591 996 uela

959 1005 1125 1064 centonibus,
1151 1007 1180 1056 id
1204 1015 1249 1066 est,
1275 1009 1372 1070 filicis,
1400 1011 1472 1072 quod
1497 1023 1530 1056 ecc
1557 1009 1592 1056 iis

959 1065 1181 1126 desiccabuntur,
1209 1071 1249 1120 ael
1277 1073 1348 1132 quod
1373 1077 1538 1120 sternantur
1560 1069 1591 1116 in

959 1129 1099 1238 1144314444,
1108 1137 1137 1178 44
1149 1133 1495 1180 locusreddaturcalidior.
1508 1135 1590 1180 1444.

979 1201 992 1238 e
1028 1203 1113 1240 antia.

1016 1253 1142 1302 Glossar.
1157 1255 1288 1302 Provinc.
1309 1255 1372 1302 Lat.
1394 1267 1426 1302 ex
1449 1253 1516 1302 044.
1532 1265 1590 1312 reg.

958 1311 1038 1360 7657:
1065 1313 1187 1374 Centriu,
1212 1313 1371 1376 concubina,
1416 1321 1494 1370 utun,
1511 1315 1591 1362 Pron.

959 1373 1119 1444 diobolaris,
1145 1375 1299 1446 discoloria,
1328 1327 1426 1444 444444,
1454 1375 1591 1444 44444444,

957 1447 1089 1492 meraria,
1117 1443 1269 1496 meritoria,
1297 1443 1434 1492 meretrico,
1460 1449 1590 1494 nonaria,

959 1495 1026 1556 quia
1038 1501 1105 1544 ante
1116 1497 1226 1546 Nonam
1239 1499 1272 1544 de
1285 1497 1436 1558 prostituto
1454 1509 1509 1544 444
1532 1497 1592 1546 1444-

959 1557 1004 1626 bat
1019 1557 1103 1606 euire.
1121 1557 1227 1616 0444414,
1249 1571 1299 1620 pro
1325 1559 1446 1618 dentrice,
1463 1557 1592 1606 1444144-

957 1621 1084 1670 matrice.
1096 1621 1125 1666 in
1145 1621 1268 1668 Glossar.
1284 1621 1347 1668 Lat.
1360 1621 1426 1668 Ital.
1440 1621 1497 1668 MS.

989 1679 1146 1742 10141110,
1163 1681 1338 1738 Conuitiator,
1355 1681 1384 1728 in
1400 1679 1591 1730 vocabulario

960 1743 1134 1792 Sassannaei.

1017 1803 1151 1864 GENTHO,
1175 1803 1315 1864 Centrum,
1338 1809 1437 1862 centre,
1459 1815 1497 1850 un
1510 1801 1591 1862 point

958 1877 994 1912 au
1017 1865 1113 1914 milieu
1136 1865 1204 1912 d’un
1223 1867 1307 1912 cercle
1327 1879 1360 1912 44
1377 1863 1485 1912 d'autre
1506 1863 1590 1912 cbose.

958 1927 1084 1976 Glossar.
1100 1927 1249 1976 (1411141.
1265 1939 1298 1976 ex
1315 1927 1380 1974 044.
1395 1937 1452 1984 reg.
1467 1925 1536 1974 7684.

988 1987 1010 2036 1.
1037 1987 1201 2046 narrauit,
1226 1987 1356 2036 Fornicis
1381 1987 1516 2042 circulus
1544 1987 1590 2036 cui

958 2049 1018 2096 1414
1050 2047 1263 2098 concameratio
1298 2047 1447 2104 innititur,
1484 2047 1591 2096 uostris

958 2107 1073 2156 Ceintre.
1100 2109 1237 2170 [Glossar.
1267 2109 1343 2158 MS:
1368 2109 1509 2164 Centrum,
1535 2107 1591 2156 Me-

958 2167 1035 2216 dium
1058 2167 1193 2228 camere]
1216 2167 1347 2216 Centrum
1368 2181 1491 2224 camerae,
1515 2169 1591 2228 apud

956 2231 1110 2280 Nicolaum
1131 2231 1154 2278 1.
1176 2229 1230 2276 ΡΡ.
1247 2229 1338 2288 Epist.
1352 2227 1375 2276 2.
1390 2229 1548 2276 Monachus
1562 2229 1589 2278 S.

956 2291 1080 2338 Mariani
1097 2291 1125 2338 in
1148 2289 1272 2338 Chrom:
1295 2287 1357 2338 lom
1376 2293 1515 2336 eustructa
1538 2293 1591 2336 tes-

958 2351 1055 2398 tudine
1065 2349 1151 2398 4444414
1165 2355 1205 2398 441
1215 2347 1309 2396 debere
1320 2349 1470 2396 submoueri
1479 2351 1590 2408 Centra,

956 2411 1056 2470 quibus
1078 2411 1173 2470 fuerat
1194 2409 1300 2458 4444444
1323 2409 1455 2470 subfulta.
1478 2411 1544 2458 vita
1562 2411 1589 2458 S.

956 2473 1052 2520 Boniti
1078 2471 1212 2532 Episcopi
1231 2471 1405 2520 Claromont.
1433 2481 1514 2518 nam.
1541 2469 1588 2518 17:

956 2533 1121 2580 Sanctorum
1146 2529 1251 2580 altaria
1271 2531 1370 2588 nitent,
1399 2529 1500 2578 Centra
1526 2529 1591 2578 4444

954 2593 1020 2640 4444
1037 2593 1179 2654 4414414444
1199 2595 1371 2652 4444441444,
1390 2599 1439 2640 etc.
1460 2593 1589 2640 Ibidem:

956 2653 1127 2710 Quatersena
1145 2653 1246 2702 Centra
1261 2653 1357 2700 decora
1370 2653 1490 2714 inferius
1509 2665 1590 2712 supe-

953 2715 1013 2760 rius
1027 2727 1151 2762 conneaa
1164 2719 1290 2772 4444444.
1300 2713 1485 2774 [Paschasius
1498 2713 1589 2762 Radb.

954 2775 984 2822 in
999 2775 1067 2824 Vita
1094 2775 1119 2824 S.
1144 2775 1301 2824 adalhardi
1326 2773 1396 2824 444.
1419 2777 1495 2824 iuter
1518 2775 1590 2822 4414

956 2837 1003 2886 SS.
1021 2837 1170 2884 Benedici.
1184 2845 1246 2884 444.
1263 2837 1287 2884 4.
1302 2837 1377 2894 part.
1397 2835 1420 2884 1.
1443 2847 1508 2896 pag.
1524 2835 1587 2884 34οε

955 2895 1070 2954 sennua
1085 2901 1150 2942 4444
1163 2903 1255 2944 antem
1268 2897 1394 2942 decenter
1407 2895 1530 2944 membra
1544 2909 1590 2944 ca-

953 2955 1058 3004 rissimi
1070 2955 1151 3004 Senis
1163 2953 1194 3002 in
1206 2955 1328 3004 Basilica
1336 2955 1365 3004 B.
1380 2957 1457 3004 Petri
1470 2955 1590 3016 Apostoli

953 3015 1000 3066 sub
1029 3017 1141 3078 44444444
1167 3015 1245 3064 inter
1274 3015 1395 3078 ejusdem
1418 3015 1590 3064 medionimae

953 3081 1073 3138 quatuor
1086 3077 1212 3124 Ecclesiae
1234 3077 1346 3136 Centra,
1360 3085 1410 3126 etc.
1427 3079 1497 3128 Vide
1512 3079 1588 3126 Hisi.

953 3139 1093 3198 Delphin.
1107 3139 1176 3186 tom.
1196 3139 1221 3186 2.
1234 3149 1299 3198 pag.
1316 3139 1370 3188 274.
1387 3139 1486 3188 Utitur
1500 3139 1590 3188 etiam

954 3199 1280 3248 04441444404114124.
1295 3211 1356 3260 cap.
1373 3199 1410 3262 6.]

984 3259 1035 3334 12.
1052 3259 1216 3318 0111111014,
1241 3271 1291 3320 pro
1312 3259 1404 3316 Cento,
1423 3259 1498 3318 quod
1517 3259 1588 3308 tide.

1023 3321 1046 3370 3.
1067 3319 1223 3370 0111111011
1244 3321 1350 3376 04444,
1376 3319 1449 3368 04114
1471 3319 1591 3382 crispam

953 3387 1051 3430 vocant
1060 3395 1071 3442 ;
1094 3385 1119 3430 et
1139 3381 1318 3442 pollotricum,
1335 3389 1374 3430 est
1394 3383 1531 3444 quoddam
1547 3381 1591 3430 do·

953 3441 1095 3490 mesticum
1116 3441 1176 3490 esui
1196 3445 1293 3504 aptum
1313 3443 1464 3506 majoribus
1477 3443 1551 3502 foliis
1565 3449 1592 3490 44

953 3503 1074 3566 oblonpis
1099 3505 1123 3550 et
1148 3505 1262 3566 miposis,
1275 3505 1342 3568 flore
1362 3505 1422 3552 albo
1445 3505 1546 3552 seritur
1559 3505 1590 3550 in

953 3565 1172 3614 44140144444.
1197 3565 1299 3616 medic.
1325 3565 1433 3616 Simon.
1450 3565 1589 3616 Jauuens.

953 3639 987 3676 ex
1002 3625 1070 3676 Cod.
1088 3637 1146 3684 reg.
1164 3627 1233 3676 6959.

1010 3685 1146 3736 04111114.
1161 3689 1233 3736 Vide
1251 3687 1383 3736 Centurio
1397 3687 1419 3738 1.
1501 3703 1502 3706 ’

1010 3747 1263 3798 cauruaalarus
1281 3751 1352 3798 Vide
1365 3747 1551 3798 Centuriatus.

984 3809 997 3870 1
1012 3809 1392 3872 1.0111111111,Ζο4444114444
1404 3811 1592 3874 Venerisque

954 3871 1091 3934 lepitimas
1114 3871 1230 3932 nuptias
1252 3871 1330 3944 lipat.
1344 3871 1449 3932 Papias
1473 3871 1592 3922 114131-

953 3933 1038 3982 turic.
1053 3933 1125 3982 Vide
1150 3933 1238 3982 Ceste.
1259 3933 1300 3994 [aaa
1313 3933 1395 3982 Cani.
1420 3933 1540 3982 Forcell.
1560 3933 1590 3982 in

954 3993 1074 4054 Cincius,
1090 3991 1209 4102 substp,1

1023 4055 1047 4104 2.
1076 4053 1181 4102 cahra
1215 4089 1224 4114 ,
1248 4055 1351 4104 Modus
1378 4055 1455 4114 agri,
1484 4055 1592 4104 nostris

953 4117 1041 4164 eiiam
1058 4117 1134 4172 Cent,
1152 4117 1228 4164 idem
1244 4115 1320 4174 quod
1334 4113 1468 4178 Centurio
1483 4115 1505 4162 1.
1520 4117 1591 4164 Vide

952 4177 982 4224 iu
997 4177 1051 4226 hac
1064 4187 1142 4226 voce.
1163 4177 1268 4224 Charta
1294 4189 1362 4224 aaa.
1383 4173 1454 4222 1374.
1475 4175 1504 4222 14
1521 4177 1590 4234 aeg.

952 4237 1005 4286 105.
1019 4237 1176 4310 Charioph.
1190 4249 1248 4296 reg.
1262 4237 1307 4288 cb.
1321 4237 1367 4286 265
1379 4249 1383 4282 :
1397 4235 1433 4284 14
1442 4237 1592 4298 parrochia

953 4299 985 4346 44
1007 4297 1172 4362 Blandaznp
1202 4299 1258 4346 tria
1285 4297 1417 4346 bonneria
1451 4301 1477 4346 et
1504 4311 1592 4346 44144

953 4363 1070 4408 Centum
1085 4367 1164 4408 terree
1178 4359 1209 4408 iu
1224 4359 1352 4422 pluribus
1362 4357 1453 4420 petiis.
1470 4361 1593 4410 Pactum

952 4423 1029 4472 inter
1044 4423 1118 4470 Phil.
1133 4425 1167 4470 V.
1181 4435 1240 4482 reg.
1256 4423 1359 4474 Franc.
1375 4423 1404 4470 41
1418 4421 1505 4482 episc.
1523 4423 1592 4472 Tor-

953 4495 1015 4532 444.
1031 4495 1098 4532 ann.
1114 4485 1183 4532 1320.
1198 4483 1228 4530 14
1238 4483 1305 4530 Cod.
1319 4495 1377 4542 reg.
1388 4483 1458 4530 8448.
1473 4483 1590 4532 22141.

952 4545 990 4594 05.
1013 4555 1071 4592 ra:
1095 4543 1163 4592 Item
1186 4557 1234 4590 sur
1258 4543 1317 4604 cinq
1343 4543 1482 4604 quarrtiers
1505 4549 1531 4590 et
1554 4557 1593 4590 44

953 4605 1050 4654 0444...
1067 4607 1141 4654 deun
1157 4605 1266 4654 deniers
1279 4605 1392 4654 mouille
1406 4603 1592 4666 4444444114...

958 4667 1014 4718 Une
1025 4667 1102 4728 piece
1114 4667 1147 4714 de
1164 4675 1263 4714 terre...
1279 4669 1428 4714 contenant
1441 4667 1514 4714 4444
1526 4665 1593 4714 444-

952 4729 1028 4776 niers
1051 4735 1076 4776 44
1097 4729 1179 4784 clenni,
1195 4735 1221 4774 et
1242 4727 1308 4776 trois
1325 4727 1403 4776 Cens.
1419 4727 1489 4776 Vide
1505 4737 1593 4790 supra

954 4789 1155 4838 Centenarium
1167 4789 1189 4838 5.

983 4849 999 4882 a
1028 4853 1102 4900 Ludi
1131 4849 1302 4910 4411144441,
1332 4849 1399 4898 Ceut
1430 4849 1592 4910 nuncupati

953 4913 1089 4960 meminit
1104 4913 1206 4972 sogor.
1220 4909 1254 4958 44
1270 4909 1393 4972 Colierpe
1411 4909 1546 4960 laudatus
1562 4909 1592 4956 in

953 4973 1040 5022 Merc.
1068 4975 1170 5022 Franc.
1199 4977 1269 5020 toni.
1291 4973 1314 5020 1.
1331 4975 1398 5020 144.
1427 4985 1493 5020 ann.
1522 4969 1591 5020 1738.

952 5043 1018 5094 pag.
1036 5035 1116 5082 1045:

1032 5129 1064 5170 Au
1076 5131 1124 5178 tlox,
1135 5141 1161 5172 au
1170 5127 1228 5180 Cent,
1238 5141 1263 5168 au
1273 5127 1320 5182 glic,
1333 5141 1359 5170 aa
1372 5127 1500 5180 triaquelrao.

984 5213 1193 5266 ²³1³Caute'evero
1209 5217 1251 5266 rel
1270 5215 1375 5272 Cente'e,
1388 5217 1530 5266 Mensurae
1546 5223 1593 5260 no-

953 5285 1019 5322 men
1045 5280 1099 5334 est,
1121 5277 1152 5324 in
1174 5277 1231 5326 Lit.
1255 5277 1367 5326 remiss
1394 5273 1591 5326 4441394111

953 5337 1022 5392 Rea.
1037 5335 1091 5384 113.
1109 5337 1265 5398 Chartoph.
1284 5347 1341 5396 reg.
1355 5339 1400 5386 ch.
1416 5337 1461 5386 113
1478 5351 1482 5382 :
1503 5335 1593 5382 Jehon

953 5395 1092 5444 Nicltolau
1117 5411 1144 5444 se
1171 5399 1251 5444 assist
1275 5399 1292 5446 4
1312 5413 1368 5446 444
1391 5399 1521 5458 44444144,
1546 5395 1593 5458 qui

952 5455 1196 5516 n'auoitpasplus
1223 5459 1306 5504 cl’une
1328 5459 1431 5506 Cante'e
1457 5459 1489 5504 44
1515 5455 1594 5504 iuditii

260 5533 322 5582 cap.
340 5523 387 5572 36:
413 5523 587 5582 Centrinam,
612 5525 663 5572 alii
684 5519 834 5584 Beniadet,
853 5523 902 5572 alii
947 5517 1301 5580 4444444444444.141141
1319 5519 1424 5566 Cente'e.

420 5601 440 5644 li

1910 229 1988 296 GEN

1673 395 1686 454 ‘,
1701 391 1983 444 caurumenavius.
2001 395 2074 444 Vide
2088 395 2184 448 Centa.

1673 453 1941 520 insatietatibus.
1956 455 2028 504 Vide
2042 455 2136 526 Cento.

1704 515 1965 574 CENTUPLICARE,
1989 517 2188 568 Centeamum
2210 521 2287 572 irac-

1643 584 1707 630 tum
1720 581 1845 628 reddere.
1867 577 1975 626 Charta
1998 577 2193 640 Robertireg.
2213 591 2283 630 ann.

1643 643 1712 692 1021.
1734 646 1803 691 torn.
1835 639 1872 688 10,
1900 637 2146 706 0411441Η14141.
2176 643 2283 692 Franc.

1643 715 1707 764 pag.
1721 703 1784 752 603:
1807 701 1883 750 Unde
1903 699 2037 760 fructibus
2058 701 2208 760 prtrriitiuae
2230 703 2285 748 uir-

1643 763 1719 822 tutis,
1731 763 1858 814 caritatis
1875 761 1987 822 scilicet,
2011 761 2184 808 uehementer
2204 763 2282 810 debe·

1643 839 1702 872 4444
1716 825 1851 884 insistere,
1868 837 1933 886 qitos
1946 821 2082 886 crepando
2105 829 2130 872 ei
2154 823 2283 884 diffusius

1642 887 1796 948 4444444114
1812 885 1983 950 copriouimus
2002 885 2282 946 Ceutttplicare.Pra·

1643 947 1719 996 4441.
1736 949 1785 998 lib.
1801 949 1824 998 2.
1841 949 1951 998 advers
1969 947 2142 1006 symmach:
2159 945 2281 994 Solertia

1643 1007 1846 1072 Centuplicotos
1871 1023 2000 1072 aprorum
2027 1009 2128 1070 rediait
2162 1009 2281 1068 fructus.

1643 1069 1709 1118 Vita
1724 1071 1782 1120 MS.
1806 1073 1832 1120 S.
1858 1071 1984 1120 Martial.
1999 1071 2150 1120 Lemovic:
2177 1069 2281 1116 Cotidie

1642 1131 1679 1178 ad
1691 1131 1897 1192 placitationem
1910 1129 2060 1182 beatissimi
2072 1131 2126 1180 uiri
2137 1129 2279 1192 pertqebat,

1642 1197 1667 1238 et
1686 1191 1768 1240 uerba
1781 1195 1878 1242 4414444
1907 1195 2026 1242 erudiens
2047 1201 2078 1240 ut
2106 1195 2176 1242 bona
2204 1199 2280 1240 terra

1640 1253 1785 1312 retinebat,
1799 1261 1825 1302 et
1852 1255 2076 1318 Centuplicatum
2101 1257 2223 1316 fructum
2247 1267 2280 1300 en
2316 1267 2317 1270 ¹

1642 1327 1669 1360 se
1685 1313 1792 1362 Christo
1805 1315 1946 1364 reddebat.

1671 1373 1687 1406 i·
1702 1373 1863 1434 0111111114,
1895 1389 1947 1426 vox
1970 1377 2083 1436 Italica,
2111 1377 2277 1438 Cingulum,

1642 1447 1722 1492 zona,
1737 1437 1810 1484 Gall.
1832 1437 1971 1486 Ceinture.
1993 1441 2096 1488 annal.
2113 1439 2227 1488 1144141.
2243 1439 2279 1486 44

1642 1507 1710 1546 444.
1723 1497 1791 1546 1889.
1807 1501 1875 1546 tom.
1893 1499 1929 1548 16.
1946 1501 2046 1560 script.
2063 1501 2128 1550 Ital.
2145 1501 2277 1548 441.807;

1643 1557 1764 1606 Centura
1777 1571 1835 1606 una
1850 1559 1913 1606 ariri
1929 1561 2005 1620 fucta
2026 1561 2063 1606 ad
2081 1561 2277 1610 rotandinos...

1643 1619 1763 1666 Centuru
1785 1633 1843 1666 una
1859 1621 1922 1666 auri
1942 1621 2015 1680 facta
2031 1621 2067 1668 ad
2082 1623 2200 1682 sioreitos
2216 1637 2279 1684 per·

1643 1681 1743 1738 larunt,
1763 1687 1812 1728 etc.
1842 1679 1966 1740 Cinture,
1984 1693 2034 1740 pro
2057 1683 2163 1738 Gauda,
2176 1683 2206 1730 iu
2219 1683 2276 1732 Lit.

1643 1741 1752 1790 remiss
1779 1753 1846 1790 aun.
1868 1741 1938 1790 1468.
1964 1753 1997 1788 44
2019 1741 2163 1800 444144.
2188 1743 2277 1792 Char-

1642 1803 1720 1864 14411.
1734 1815 1791 1862 reg.
1806 1803 1851 1854 eb.
1867 1803 1912 1852 78:
1928 1801 1999 1850 Gilet
2016 1801 2111 1850 Gaude
2133 1803 2205 1850 auoit
2222 1819 2277 1852 tine

1643 1865 1805 1912 Cintureen
1824 1865 1851 1912 14
1871 1861 1950 1912 radin
1973 1875 2009 1910 ou
2035 1863 2063 1910 la
2089 1875 2176 1924 queue
2195 1863 2277 1914 d'une

1641 1939 1717 2036 pape,
1730 1931 1755 2034 it
1769 1927 1861 1988 444414
1884 1925 1987 1972 d’icelle
2001 1923 2114 1972 Cinture
2135 1939 2168 1972 ou
2191 1939 2277 1986 44444

1653 1993 1776 2036 euaret.

1671 2045 1932 2104 4044101114ΰὸ,
1950 2045 2097 2102 Ζ4444144,
2113 2045 2185 2092 Gall.
2201 2043 2277 2094 0444-

1642 2109 1737 2158 turier.
1753 2109 1809 2158 Lii.
1833 2109 2040 2158 4441441444.
2065 2107 2133 2156 1375.
2153 2105 2183 2152 14
2206 2107 2276 2164 Reg.

1641 2171 1695 2220 109.
1712 2169 1867 2230 Chariopb.
1892 2181 1950 2226 reg.
1973 2167 2018 2216 ch.
2040 2167 2103 2216 401:
2129 2167 2197 2216 Item
2212 2167 2277 2212 emit

1641 2229 1731 2278 dictus
1746 2227 1900 2278 cardinalis
1914 2227 2137 2290 thibarensis)...
2159 2227 2276 2288 hospitia

1641 2305 1701 2354 qatae
1715 2295 1860 2338 secuntur:
1880 2291 1970 2350 primo
1991 2303 2008 2336 a
2023 2287 2120 2338 Jacobo
2135 2289 2167 2336 de
2182 2289 2277 2336 Mauso

1640 2353 1732 2412 ueteri,
1748 2351 1819 2398 alias
1834 2349 1982 2398 Alrnarrici
1998 2349 2153 2398 Centurerii
2167 2349 2277 2398 Montis-

1639 2413 1791 2474 pessulani
1808 2415 1857 2458 etc.

1673 2475 1695 2522 1.
1723 2469 1893 2530 statuam,
1918 2469 2029 2518 Isidoro
2059 2469 2106 2518 lib.
2132 2469 2169 2518 15.
2198 2469 2275 2530 Oria.

1641 2545 1704 2602 cap.
1720 2535 1756 2582 15.
1780 2533 1853 2594 Aper
1873 2537 1912 2580 444
1937 2533 2118 2578 ducentorum
2141 2531 2275 2594 jujerum,

1641 2609 1688 2656 quii
1703 2597 1779 2656 apud
1803 2593 1931 2654 antiquos
1957 2607 1971 2640 e
1998 2597 2106 2640 centum
2132 2591 2276 2654 juperibus

1640 2655 1805 2712 uocabatur;
1826 2655 1873 2702 444
1889 2659 1985 2716 postea
1997 2653 2140 2714 duplicata
2159 2659 2208 2710 est,
2230 2667 2276 2700 no-

1640 2731 1757 2776 menque
1775 2715 1927 2778 pristinum
1942 2713 2067 2770 retinuit,
2083 2721 2132 2762 etc.
2148 2713 2253 2774 Papias
2270 2729 2275 2762 :

1642 2777 1782 2838 Centitria,
1802 2789 1934 2824 mens-ura
1955 2777 2100 2836 toarcensi
2120 2775 2277 2832 44444114-

1640 2839 1706 2888 bens
1715 2853 1766 2898 per
1781 2839 1905 2900 singulas
1916 2841 2011 2898 partes
2023 2837 2106 2898 pedes
2120 2837 2158 2886 20.
2183 2837 2276 2898 [0144-

1641 2911 1697 2948 sar.
1714 2899 1861 2958 Sangerm.
1875 2899 1932 2946 MS.
1946 2911 1974 2946 11.
1987 2899 2031 2946 501
2044 2915 2049 2946 :
2066 2899 2181 2958 Centau,
2198 2911 2275 2946 irien-

1641 2973 1706 3008 4444
1721 2965 1792 3008 terre
1810 2959 1851 3006 uei
1869 2959 1947 3006 uinee
1962 2959 2065 3006 liabens
2077 2973 2129 3020 per
2150 2959 2277 3020 44444144

1637 3025 1731 3080 partes
1745 3019 1943 3080 xxl1.pedes.]
1966 3019 2079 3070 Siculus
2101 3019 2221 3068 Flaccus
2241 3019 2275 3068 de

1641 3081 1752 3130 eonati.
1768 3093 1878 3140 agrem:
1897 3079 2035 3130 Centuriis
2050 3079 2208 3128 uocabulum
2222 3079 2275 3126 da-

1641 3145 1699 3188 tam
1723 3145 1771 3200 est,
1789 3155 1822 3188 em
1841 3155 1869 3188 eo
1890 3141 1962 3202 qttod
1976 3141 2097 3190 centenis
2123 3141 2275 3190 bortrinibus

1641 3201 1795 3250 ducenteno
1803 3203 1905 3264 jupera
1916 3203 2062 3262 dederunt,
2070 3205 2190 3252 4444444
2201 3201 2274 3262 facto

1642 3265 1775 3310 Centuria
1784 3263 1858 3324 juste
1871 3263 2014 3324 appellata
2029 3269 2074 3314 est.
2090 3263 2169 3312 Idem
2183 3263 2253 3312 alibi
2268 3277 2274 3310 :

1643 3323 1780 3372 Centuriee
1793 3337 1848 3372 non
1857 3339 1909 3386 per
1920 3337 2013 3372 omnes
2024 3325 2147 3388 reqiones
2157 3325 2276 3372 ducenta

1637 3385 1739 3448 juqera
1751 3385 1881 3434 obtinent.
1898 3385 2054 3446 Hygenus:
2071 3387 2136 3448 Auri
2151 3401 2183 3434 eu
2204 3387 2277 3434 ltoste

1642 3445 1716 3506 capti
1733 3445 1813 3496 diuisi
1832 3455 1898 3494 sunt
1915 3461 1966 3508 per
1988 3447 2142 3504 04444444,
2157 3453 2189 3496 44
2206 3447 2275 3494 4444-

1641 3513 1797 3568 qnarentur
1820 3507 1964 3558 militibus.
1988 3509 2059 3558 Vide
2087 3509 2276 3558 Columellam

1642 3567 1691 3616 lib.
1705 3567 1727 3616 6.
1745 3571 1798 3628 leg.
1812 3571 1849 3618 10.
1860 3571 1973 3622 0441414
1988 3571 2093 3620 Theod.
2106 3571 2140 3620 de
2153 3571 2275 3618 Annona

1641 3629 1946 3692 41141441.(11,1,)41
1965 3631 2004 3680 141
2029 3631 2168 3680 ,iacobum
2189 3631 2276 3678 Goto-

1641 3691 1764 3748 fredam
1784 3691 1934 3740 Julianum
1954 3693 2131 3742 antecessor.
2147 3703 2208 3752 cap.
2220 3691 2274 3740 543.

1641 3751 1694 3802 etc.
1720 3751 1861 3814 [1440441.
1885 3753 1988 3802 alarin.
2012 3755 2079 3814 Pap.
2107 3751 2182 3814 Dipl.
2211 3763 2275 3812 pag.

1640 3813 1695 3862 338.
1712 3815 1932 3864 4414114441.
1949 3813 1998 3874 lbi

1672 3875 1695 3922 2.
1710 3873 1880 3934 sauream,
1908 3875 2093 3932 Handredus.
2117 3883 2166 3922 seu
2196 3873 2276 3922 curia

1641 3935 1800 3984 Handredi.
1819 3937 1944 3986 ioannes
1962 3933 2180 3986 Sarisberiensis
2191 3931 2241 3982 lib.
2252 3935 2274 3982 1.

1642 3997 1777 4044 Policrai.
1795 4009 1856 4058 cap.
1875 3999 1905 4044 4:
1919 3997 1959 4044 Ne
1976 4033 1980 4042 .
1998 4033 2003 4042 .
2023 4033 2027 4042 .
2045 3993 2150 4056 coporis
2163 3993 2196 4040 in
2212 3993 2278 4042 044-

1643 4057 1727 4116 turia,
1741 4061 1790 4104 aut
1803 4057 1860 4116 foro
1880 4057 2019 4114 Presidio,
2031 4057 2072 4102 441
2093 4055 2277 4116 Proconsulis,

1643 4117 1819 4224 uittJortasse
1842 4119 1872 4164 in
1892 4115 2019 4176 Concilio,
2036 4117 2102 4162 lasa
2123 4115 2277 4176 illaJ'estutis

1643 4177 1691 4226 red
1713 4191 1756 4226 ere
1769 4177 1913 4226 rationem.
1928 4177 1998 4226 Vide
2012 4175 2190 4224 Handredus.

1673 4239 1689 4272 a
1700 4239 1722 4288 3.
1738 4237 1908 4296 sauream,
1920 4239 1953 4286 41
1966 4249 2052 4298 supra
2066 4237 2196 4286 Centuro.
2205 4237 2275 4288 Siai.

1643 4301 1743 4358 synod.
1771 4301 1839 4350 eccl.
1867 4297 1989 4348 Gerana.
2021 4309 2087 4346 ann.
2112 4297 2181 4346 1267.
2201 4299 2277 4360 apud

1643 4363 1765 4410 Marica.
1780 4359 1987 4420 1444844141.
2006 4359 2120 4408 Collect.
2135 4359 2186 4408 col.
2201 4361 2275 4408 1470:

1645 4421 1772 4470 Clerici...
1787 4417 1926 4470 Centuriis
1940 4419 2034 4468 sericis
2043 4419 2277 4482 qitoouedeaura-

1643 4483 1708 4532 iis...
1722 4497 1778 4530 non
1793 4485 1921 4528 utantur.

1674 4541 1886 4598 caurualaaa,
1905 4543 2013 4598 Agrum
2028 4541 2169 4592 limitibus
2187 4543 2277 4592 inclu-

1643 4605 1718 4654 dere.
1733 4603 1889 4660 Hyueuus:
1908 4603 2016 4660 Aprtnn
2036 4601 2166 4650 librilibus
2190 4603 2277 4652 inclit-

1644 4667 1753 4720 demus,
1780 4663 1827 4708 hoc
1851 4665 1905 4710 est.
1941 4663 2172 4714 Centuriabimus.
2201 4665 2277 4714 Hinc

1644 4723 1824 4774 Centuriatio,
1840 4723 1916 4782 apud
1941 4723 2070 4772 Siculum
2093 4725 2227 4776 Flaccum
2249 4731 2277 4774 et

1643 4783 1953 4840 4414444111444441.
1970 4783 2040 4834 Vide
2058 4785 2198 4836 Centurio.

1675 4843 1908 4902 caerularius,
1933 4845 2011 4894 Idem
2035 4847 2108 4906 4444
2135 4847 2276 4906 Centurio,

1643 4903 2080 4966 1444444444.0141444044441
2094 4909 2179 4968 Regis
2193 4909 2276 4966 Augl.

1643 4979 1692 5030 pro
1709 4965 1838 5014 Ecclesia
1864 4967 1973 5016 Elieusi
1995 4969 2063 5016 tom.
2087 4969 2108 5016 1.
2125 4969 2279 5018 1144441141

1643 5027 1754 5084 Anglic.
1769 5039 1834 5090 pau.
1850 5029 1879 5076 aa
1895 5043 1899 5074 :
1917 5029 1953 5074 Et
1966 5027 2039 5078 inter
2048 5029 2166 5090 paludes
2180 5041 2278 5078 444444

1643 5087 1785 5136 saeculares
1799 5089 1917 5136 dirorum
1934 5089 2148 5138 Ceiitnriatuum
2171 5089 2204 5138 in
2222 5089 2279 5136 Wi-

2222 237 2288 302 264

1643 5149 1767 5200 41441444.
1785 5149 1815 5196 44
1825 5151 1968 5210 prouincia
1985 5149 2167 5200 Orientalium
2191 5151 2280 5198 Sciro-

1643 5223 1728 5266 num,
1759 5211 1874 5272 beatiano
1904 5213 1939 5260 aa
1968 5211 2097 5260 Fratrum
2125 5211 2279 5260 necessaria

1643 5271 1793 5320 sanciendo
1820 5273 1931 5334 lurpior.
1955 5275 2000 5336 [In
2022 5275 2101 5320 44114
2126 5275 2171 5320 SS.
2198 5271 2279 5320 14411

1643 5335 1712 5382 tom.
1729 5335 1751 5382 4.
1767 5347 1831 5398 pag.
1849 5337 1904 5386 525.
1927 5335 1961 5384 de
1976 5335 2001 5384 S.
2022 5333 2193 5382 Eiheldreda
2208 5331 2279 5390 legi-

1643 5397 1707 5444 iur:
1728 5395 1765 5444 Et
1785 5397 1859 5444 intra
1877 5397 1995 5458 4414444
2018 5409 2113 5442 444444
2135 5393 2279 5440 sacitlarcs

1644 5457 1759 5504 ciuomtm
1778 5459 2139 5516 044444414444444444444
2150 5453 2277 5514 paludes,

1643 5519 1762 5582 quinque
1780 5521 2010 5568 Canteturiaiuum
2023 5517 2052 5564 in
2071 5515 2278 5574 ll'icamiaaun,

2084 5575 2123 5638 34
