5076 6258
272 231 336 298 116
564 233 645 304 dall

272 397 468 452 Coronendoti.
485 403 550 464 600.
564 403 610 452 128
622 419 627 450 :
641 403 678 450 Et
692 407 808 464 utraque
817 407 897 464 parte

271 469 445 510 sacramenta
467 465 537 526 fiant
557 475 609 524 per
633 463 753 526 sinpulos
777 463 899 510 bomincs

272 523 319 582 qai
341 523 396 572 sint
420 523 579 580 Christiani,
600 531 627 574 01
647 523 767 572 bornines
788 523 898 570 illorum

271 585 398 632 manibus
413 587 532 646 propriis
554 585 750 636 Commendati.
771 583 897 634 ioannes

272 647 348 696 VIII.
363 649 415 696 PP.
431 649 521 710 Epist.
535 647 595 696 303:
616 645 735 694 1000000
750 643 896 704 Diaconos,

271 707 359 766 fidelis
372 709 580 758 Cotttmendatus
596 713 696 754 noster.

302 771 365 820 Non
386 771 511 820 multum
532 769 664 816 absimile
684 769 739 814 luit
757 769 830 826 quod
849 769 897 828 jas

270 831 462 892 applicationis
476 829 595 878 Romani
612 827 804 888 0000606001,
821 829 897 888 quod

271 893 306 940 ab
333 889 557 942 Atheniensibus
581 891 678 936 ortum
701 889 791 946 alunt,
821 891 897 952 apud

270 963 339 1012 nuos
362 951 504 1012 peregrini
524 961 553 996 se
575 949 661 994 alicui
681 949 815 1010 opulento
841 951 896 998 civi

270 1015 299 1060 in
313 1013 474 1060 clientelam
488 1009 594 1058 dabant
607 1009 808 1070 dicebantque.
821 1011 897 1060 Hinc

270 1073 466 1122 Commendare
481 1083 507 1118 se
521 1067 552 1116 in
566 1069 732 1128 clientelam,
748 1073 823 1132 apud
849 1073 897 1120 Te·

269 1135 393 1184 rentium
409 1135 439 1180 iu
455 1131 603 1180 11000060.
623 1131 692 1180 Vide
704 1143 765 1192 quae
778 1133 808 1180 in
823 1133 897 1182 hana

270 1207 328 1244 rem
341 1193 486 1252 congessit
503 1191 651 1240 Turnebus
667 1191 714 1240 lib.
728 1193 765 1240 24.
780 1195 896 1244 Advers.

270 1267 330 1314 cap.
344 1255 382 1302 32.
395 1253 448 1302 Sed
464 1255 492 1300 et
505 1253 557 1302 hac
568 1265 634 1302 voce
647 1255 788 1314 applicare
797 1255 896 1304 eadem

269 1315 473 1424 propemodum
487 1315 601 1364 notione
616 1315 708 1364 utitur
720 1315 825 1364 660110
844 1315 897 1364 Lu·

288 1375 360 1424 00101
376 1375 496 1422 Comitis
520 1375 715 1424 Sacriccesaris
739 1387 805 1426 ann.
826 1375 894 1426 1219.

267 1447 301 1484 ex
317 1435 416 1482 Tabul.
434 1435 459 1482 S.
477 1435 588 1494 sonori:
605 1435 681 1494 Quod
698 1437 720 1484 si
738 1437 839 1498 aliquis
865 1437 897 1486 de

265 1495 390 1542 omnibns
413 1495 567 1544 bominibus
587 1497 616 1546 S.
642 1497 738 1560 Satyri
761 1497 897 1546 bominem

264 1569 292 1604 00
307 1555 413 1604 dontiui
428 1559 461 1604 de
476 1555 595 1606 Sanccro
619 1573 674 1606 esse
692 1559 799 1616 disserit,
822 1565 848 1606 et
873 1559 897 1606 ei

266 1631 292 1666 se
310 1619 449 1678 applicare
462 1619 584 1682 uoluerit,
596 1621 643 1668 061
656 1621 744 1668 Α6600
757 1627 810 1668 tres
830 1617 897 1680 lepi-

266 1679 344 1726 timos
359 1679 586 1740 bominesjurare
610 1681 714 1742 fecerit,
737 1681 809 1744 quod
834 1693 897 1728 eum

265 1741 306 1788 cel
318 1753 361 1788 eos
375 1741 499 1790 Ecclesia
514 1741 542 1792 S.
559 1741 654 1806 Satyri
673 1757 724 1804 per
744 1755 832 1790 tonina
849 1753 897 1788 an-

266 1813 335 1848 nam
346 1807 372 1848 et
386 1815 471 1850 anum
486 1803 557 1852 diem
572 1803 632 1852 sine
647 1803 787 1852 calumnia
802 1805 897 1850 tenue·

267 1861 312 1922 rit,
326 1863 452 1924 deinceps
464 1877 525 1914 eum
537 1865 578 1912 001
590 1879 633 1914 000
645 1865 677 1912 10
693 1879 760 1924 pace
780 1863 896 1920 babebit,

266 1923 325 2032 0100
340 1939 444 1986 campo,
458 1933 484 1974 et
496 1927 608 1984 batalia,
621 1927 663 1974 001
678 1925 773 1986 aliqua
787 1929 897 1972 contra·

290 1985 394 2036 1011000.

298 2045 524 2106 illustrantibus,
537 2047 644 2096 Eadem
661 2047 784 2096 notione.
807 2041 896 2092 61101-

268 2107 406 2156 tularium
430 2107 612 2156 Virzlonense
634 2107 683 2156 iol.
706 2119 790 2156 xvii:
812 2103 897 2152 Tbeu-

269 2167 363 2216 dorius
383 2167 432 2218 dat
452 2181 531 2216 00010
553 2167 750 2216 Conanandam
773 2165 897 2228 quidtarn

268 2231 301 2276 de
324 2229 447 2278 00101600
471 2229 625 2278 bominibus
652 2229 715 2278 buic
735 2241 781 2276 sua
819 2225 897 2274 Com·

267 2291 367 2338 rnando
381 2289 493 2338 nottrine
504 2289 709 2344 Arcbembaldo.

299 2351 518 2410 6011000οΑ11,
541 2353 684 2400 Dicuntur
710 2349 813 2406 liberti,
848 2349 896 2408 nui

269 2411 430 2460 libertatem
446 2413 591 2462 consecuti
617 2413 741 2466 Patroni,
766 2421 815 2460 seu
841 2421 897 2460 ma·

269 2473 439 2522 numissoris
454 2473 613 2534 patrocinio
635 2485 665 2522 00
685 2471 897 2522 commendave-

268 2533 465 2640 1001601000
486 2545 534 2594 001
560 2533 692 2582 Cbartam
715 2533 897 2594 ingenuitatis

266 2605 346 2644 servo
375 2595 404 2642 in
448 2593 598 2644 ibertatem
628 2593 740 2642 adserto
773 2593 896 2640 facultas

266 2653 413 2712 dabatur,
443 2665 493 2704 seu
518 2655 660 2716 Ecclesiae,
695 2665 744 2702 seu
769 2653 896 2724 ,alterius

267 2715 475 2774 cujuscumque
489 2727 623 2776 personae,
636 2727 699 2774 quac
709 2717 756 2774 jus
767 2725 897 2772 ingenui·

267 2777 356 2824 tatem
372 2779 509 2832 tueretur,
525 2775 684 2836 patrocinio
699 2787 728 2824 se
752 2785 897 2824 commen-

267 2835 366 2892 dandi,
378 2837 410 2882 ut
420 2835 500 2896 patet
509 2847 543 2884 ex
557 2835 696 2884 Marculio
707 2833 754 2884 lib.
768 2833 791 2882 2.
802 2835 894 2884 Form.

266 2895 304 2944 32.
320 2897 372 2944 etc.
389 2893 486 2944 60000
500 2895 702 2954 Lugdunensis
724 2895 753 2942 in
773 2895 897 2944 600001-

267 2955 320 3004 600
347 2955 459 3004 selectis
485 2955 560 3016 apud
596 2953 735 3004 iacobum
770 2955 896 3004 petitum

267 3019 330 3076 post
357 3015 560 3064 Poenitentlale
584 3015 724 3064 Theodori
747 3027 810 3076 pag.
834 3015 895 3064 242:

267 3077 432 3136 Quicumque
443 3081 538 3122 contra
551 3075 659 3124 libertos
677 3077 801 3124 Ecclesiae
819 3075 897 3124 Com-

264 3139 407 3186 mendatos
437 3137 569 3184 actionem
595 3135 684 3192 babet,
712 3151 767 3184 nou
794 3139 897 3186 audeat

264 3211 311 3244 rna
329 3199 442 3246 istratai
458 3211 501 3244 eos
516 3197 633 3252 tradere,
650 3197 696 3246 secl
718 3199 748 3246 in
769 3197 896 3260 Episcopi

266 3259 300 3318 ju
321 3259 377 3314 icio,
403 3271 462 3318 nuta
486 3259 551 3306 sunt
572 3259 695 3306 cecitatis
725 3259 897 3320 audiantnr;

269 3319 334 3382 0010
345 3319 452 3382 justum
467 3323 507 3366 est
518 3323 548 3364 ut
559 3325 653 3366 contra
667 3321 896 3370 calumniatorum

270 3379 404 3430 versutias
438 3379 630 3438 defendantur,
666 3381 713 3442 qui
738 3381 897 3430 innnortalis

270 3441 396 3490 Ecclesia
406 3439 589 3500 patrocinium
602 3439 802 3502 concupiscunt.
824 3443 897 3492 600-

271 3503 370 3552 cilium
386 3501 513 3562 Toletan.
531 3501 578 3550 IV.
595 3515 658 3550 000.
672 3503 717 3552 72:
738 3503 840 3552 Liberti
852 3505 897 3566 qui

271 3577 288 3610 0
301 3563 512 3624 quibuscumque
527 3561 689 3610 manumissi
710 3571 783 3622 sunt,
802 3571 828 3614 01
848 3567 897 3614 Ec-

271 3625 357 3674 clesiae
368 3623 519 3684 patrocinio
534 3623 722 3674 commendati
737 3625 895 3690 esistunt...

271 3685 434 3736 sacerdotali
445 3685 601 3744 defensione
620 3699 638 3734 0
662 3687 804 3748 cujuslibet
823 3687 914 3736 1000»

272 3749 357 3796 100110
389 3753 557 3806 1010000101.

302 3761 426 3870 1001100
441 3819 505 3858 vero
519 3807 627 3856 Scaniae
640 3809 724 3858 editis
737 3807 771 3858 ab
784 3809 897 3860 andrea

272 3871 413 3920 Suenonis
436 3869 609 3930 archiepisc.
630 3871 776 3918 Luniensi
800 3869 849 3918 lib.
872 3871 896 3920 6.

272 3943 332 3994 000.
346 3931 369 3980 6.
383 3943 504 3984 servum.
521 3931 619 3978 statim
635 3931 721 3990 atque
735 3929 897 3980 libertatem

272 3995 442 4042 consecutus
458 3993 525 4052 erat,
539 4003 570 4038 ec
585 3991 745 4040 alletoritate
757 3997 896 4040 consueta-

271 4053 345 4102 dinis
359 4051 522 4114 approbata,
539 4051 721 4114 ingenuorum
736 4051 835 4114 aliquis
850 4065 897 4100 suo

270 4115 363 4174 000ον1
374 4113 562 4176 conjunpebat,
578 4127 641 4162 eum
653 4113 684 4160 in
695 4125 773 4160 saum
784 4127 896 4162 000000-

270 4177 399 4238 puineam
411 4177 544 4240 elipando,
556 4181 581 4224 01
599 4175 647 4236 001
667 4187 717 4236 010
737 4175 816 4234 factis
837 4175 897 4234 ejus

271 4251 299 4286 se
320 4237 465 4300 sponderet
487 4251 691 4300 responsurum,
711 4241 737 4284 01
756 4237 803 4284 100
824 4237 897 4296 facto

269 4311 319 4360 pro
332 4303 411 4360 parte
424 4301 505 4348 tertia
519 4297 682 4360 recipienda
701 4297 897 4406 satisspactionis

272 4361 376 4408 lucrum
387 4363 554 4422 percipiebat
568 4375 629 4408 cum
641 4361 741 4420 liberto,
770 4359 834 4418 uplo
849 4359 896 4406 mi-

271 4435 335 4470 nore
345 4435 450 4484 semper
464 4423 556 4472 liberto
568 4435 651 4484 quam
676 4423 793 4480 inpendo
815 4419 896 4466 sotis-

271 4481 388 4540 factione
398 4497 448 4544 pro
460 4483 599 4532 homicidio
614 4483 757 4532 attinente.

303 4543 398 4602 Nenue
411 4547 524 4594 tantum
538 4543 640 4604 liberti,
652 4545 699 4594 sed
713 4543 804 4602 nulvis
819 4541 895 4590 villa-

273 4615 335 4650 rum
349 4603 456 4666 incolae,
473 4605 553 4656 liberi
572 4607 601 4654 et
626 4605 753 4666 ingenui,
773 4603 821 4664 qui
843 4601 895 4650 sub

272 4663 450 4714 dominorum
466 4669 555 4716 tutela
577 4669 606 4714 et
626 4667 800 4728 protectione
820 4665 896 4714 vire-

274 4721 350 4780 bant,
364 4727 391 4774 01
404 4727 433 4774 10
449 4729 561 4786 signum
583 4727 724 4786 ejusmodi
747 4727 895 4788 protectio-

272 4785 318 4834 nis
335 4789 441 4836 certam
467 4789 679 4850 0100101100010
704 4799 830 4836 annuam
854 4787 895 4836 vel

271 4847 420 4896 servitium
435 4849 470 4898 iis
491 4851 681 4912 exsolvebant,
707 4847 897 4900 Continendati

273 4907 416 4956 dicuntur.
447 4911 549 4960 Scribit
574 4913 742 4960 Lactantius
774 4909 822 4960 lib.
862 4909 896 4958 de

272 4967 411 5016 Mortibus
427 4973 596 5030 persecutor.
608 4985 687 5020 num.
695 4975 732 5022 21.
743 4971 818 5032 apud
829 4973 895 5020 Per-

272 5041 393 5080 saseunl
414 5029 502 5080 tuisse
522 5043 636 5094 morem,
664 5041 694 5082 ut
712 5033 827 5094 Renibus
840 5031 897 5080 suis

273 5091 305 5140 in
312 5089 451 5140 seruitium
461 5105 487 5140 se
497 5091 663 5154 addicerent,
673 5101 697 5144 01
707 5095 896 5156 110000000οἱ0

274 5167 321 5202 sao
350 5157 480 5212 tanquam
503 5151 614 5212 familia
632 5161 780 5206 uterentur.
805 5155 896 5216 Leges

276 5211 489 5274 0101001100.
504 5213 525 5262 5.
539 5215 582 5282 111.
599 5213 621 5260 3.
645 5215 656 5276 1
674 5221 706 5266 1;
729 5217 758 5266 Si
778 5217 839 5278 0010
862 5217 894 5278 ei,

275 5291 354 5340 00010
367 5275 397 5324 10
411 5275 560 5336 patrocinio
573 5275 707 5336 babuerit,
722 5291 799 5326 0000
818 5277 896 5326 dedc-

275 5339 319 5398 rit,
334 5339 374 5388 oel
386 5335 494 5400 aliquid
506 5335 654 5392 donaverit,
671 5339 705 5386 ad
728 5339 816 5398 ipsam
838 5353 896 5400 0000

275 5401 451 5450 0001000010
461 5401 653 5462 permaneant.
674 5397 703 5446 Si
725 5413 785 5448 uero
809 5401 896 5450 011100

275 5465 324 5512 0161
334 5469 482 5526 patronum
504 5459 622 5520 clepera,
641 5459 737 5508 babeat
756 5461 895 5510 licentiam

273 5527 318 5574 001
342 5541 368 5576 00
392 5523 503 5574 voluterit
530 5521 740 5572 Commendare:
766 5525 895 5582 quoniam

1231 229 1311 298 dou

947 399 1068 460 inpenuo
1080 397 1184 448 bomini
1194 415 1250 448 nou
1259 405 1349 462 potest
1357 399 1503 460 prohiberi,
1513 401 1579 460 quia

947 459 977 510 in
994 473 1045 508 sua
1058 465 1190 522 potestate
1200 463 1332 522 consistit,
1346 461 1538 520 0101016013.
1552 463 1579 512 01

947 523 969 570 4.
986 523 1014 572 ct
1027 523 1131 582 Legem
1147 523 1402 582 Langobardorum
1422 521 1470 572 lib.
1492 523 1514 570 3.
1533 523 1578 572 tit.

947 583 969 632 9.
1003 583 1190 632 ‘Tabularium
1221 585 1412 646 Burguliense
1449 583 1497 632 iol.
1531 583 1577 632 24:

949 643 1110 694 Gnillelmits
1126 645 1216 694 Castri
1233 645 1367 694 Mirabelli
1384 643 1515 706 Princeps
1538 657 1579 692 re-

947 705 1072 766 quirebat
1082 703 1114 754 in
1132 705 1251 754 Vosallia
1266 707 1332 756 oilla
1346 721 1448 768 prauus
1467 719 1579 754 consue-

948 769 1066 828 tudines,
1089 773 1115 816 ct
1135 769 1263 826 bomines,
1287 781 1353 830 0000
1374 767 1580 816 Commendatos

947 835 1053 876 cocant.
1070 829 1167 888 Neque
1181 829 1229 876 alii
1250 831 1319 878 sunt
1340 827 1497 886 00001600
1520 829 1580 886 agit

947 889 1111 938 llonventus
1126 889 1286 938 Ticiuensis
1300 901 1367 938 ann.
1386 889 1441 938 853.
1465 901 1526 950 000.
1546 889 1576 938 3:

947 949 987 998 De
1013 949 1104 996 liberis
1125 949 1279 996 bominibus
1298 949 1345 1010 001
1365 961 1446 1010 saper
1467 949 1580 998 alterius

947 1025 990 1058 res
1004 1009 1132 1064 resident,
1153 1015 1284 1070 eiusque
1307 1023 1382 1056 nunc
1406 1023 1423 1058 a
1446 1009 1581 1058 ministris

947 1071 1102 1132 reipublicae
1115 1077 1209 1118 contra
1229 1071 1312 1130 100010
1335 1071 1373 1116 ad
1395 1071 1500 1130 placita
1520 1085 1580 1130 pro-

947 1133 1138 1190 trahebantur,
1154 1137 1180 1180 et
1192 1131 1251 1178 ideo
1260 1129 1493 1192 pipnerabantur,
1507 1145 1580 1180 cons-

947 1195 1061 1242 titutum
1074 1197 1123 1252 est,
1137 1199 1168 1240 ut
1186 1193 1336 1240 secuudum
1361 1193 1446 1252 lenem
1466 1191 1580 1254 patroni

947 1267 1041 1302 eorum
1064 1267 1108 1302 vos
1128 1253 1164 1300 ad
1185 1253 1319 1314 placitam
1347 1253 1500 1312 adducant,
1532 1257 1578 1302 etc.

947 1315 1115 1364 Domesdei:
1130 1313 1165 1362 ln
1182 1315 1276 1362 eadem
1291 1313 1380 1376 (villa)
1404 1319 1478 1362 tenet
1499 1315 1580 1362 Aiboi

948 1373 1159 1424 Commendatus
1193 1375 1358 1424 antecessori
1387 1375 1509 1436 (Mallet)
1540 1375 1578 1422 60.

947 1451 1002 1486 acr.
1015 1449 1066 1498 pro
1077 1435 1209 1498 manerio,
1222 1441 1340 1498 tempore
1351 1435 1578 1496 RapisEdiuardi.

947 1499 1009 1548 Alio
1039 1499 1117 1546 loco:
1139 1497 1208 1546 Soca
1229 1497 1342 1544 Abbatis
1367 1496 1398 1544 in
1422 1499 1518 1546 eadem
1541 1497 1578 1544 11.

947 1559 1025 1606 liberi
1038 1559 1159 1606 homines
1171 1559 1209 1606 70.
1223 1573 1278 1606 aer.
1298 1565 1323 1606 et
1339 1557 1416 1618 fuere
1437 1555 1581 1606 Commen-

947 1621 1007 1668 dati
1022 1619 1186 1668 antecessori
1200 1619 1292 1680 bloiet,
1304 1621 1402 1680 prater
1421 1633 1508 1668 unum
1533 1617 1580 1678 qui

946 1681 1001 1740 fait
1038 1679 1248 1728 Commendatus
1283 1679 1447 1728 antecessori
1483 1679 1580 1738 Roneri

946 1741 1047 1802 Bipot,
1076 1741 1186 1788 nomine
1221 1739 1374 1788 Harainas.
1400 1741 1441 1788 Ex
1476 1741 1579 1798 quibus

947 1805 1026 1910 patet
1073 1801 1293 1850 commendatos
1335 1801 1426 1850 fuisse
1476 1799 1579 1850 liberos

968 1863 1088 1918 omines,
1111 1859 1214 1922 quibus
1236 1861 1350 1910 licitum
1374 1861 1431 1910 1011
1453 1861 1499 1908 001
1522 1861 1580 1910 vel-

948 1921 1008 1972 lent
1019 1933 1080 1970 sese
1094 1921 1304 1972 commendare.
1317 1921 1480 1970 Raniredus
1492 1921 1579 1970 10110-

947 1983 1070 2032 consult.
1095 1983 1142 2044 qui
1173 1983 1243 2030 vixit
1273 1981 1326 2032 sub
1360 1983 1509 2032 Fredericc
1541 1983 1578 2030 ll.

947 2045 977 2092 in
998 2043 1103 2092 Ordine
1119 2043 1290 2100 iudiciario,
1313 2043 1360 2092 tit.
1382 2045 1416 2092 de
1440 2043 1578 2092 Villanis:

948 2103 1385 2164 60001000000111110001000οἱ
1400 2103 1513 2172 ueniant
1531 2105 1579 2152 sub

947 2167 1047 2212 alienis
1058 2165 1194 2226 partibus,
1208 2173 1233 2214 et
1245 2167 1370 2212 babitare
1384 2167 1477 2214 uolunt
1495 2179 1526 2212 iu
1542 2167 1580 2212 ci·

947 2227 1031 2274 vitate
1049 2229 1107 2284 tua,
1132 2227 1211 2288 elcpit
1233 2227 1419 2288 patrocinium
1442 2233 1530 2288 tuum,
1554 2233 1580 2274 ct

947 2287 1023 2348 dicit,
1039 2287 1163 2344 Domine,
1179 2289 1235 2338 oolo
1249 2303 1305 2336 esse
1327 2295 1390 2336 tuus
1411 2287 1580 2336 6000010100-

947 2349 1038 2410 dotus,
1062 2355 1093 2396 ut
1118 2349 1267 2398 babeamus
1291 2353 1368 2398 taam
1394 2349 1579 2408 defensionem

947 2411 1031 2458 annis
1046 2409 1170 2470 sinpulis,
1185 2419 1210 2458 et
1223 2411 1341 2460 serviam
1359 2413 1390 2458 in
1411 2411 1518 2458 Pascba
1540 2413 1580 2458 oei

946 2471 978 2518 in
992 2471 1086 2520 Natali
1103 2473 1173 2520 duas
1184 2473 1317 2532 pallinas,
1332 2473 1373 2520 001
1385 2471 1485 2520 librant
1502 2471 1581 2532 pipe-

946 2531 994 2590 ris,
1016 2533 1058 2580 001
1085 2533 1193 2594 aliquid
1217 2533 1305 2580 alind.
1334 2533 1374 2582 De
1400 2533 1457 2580 istis
1483 2533 1581 2580 mttltos

947 2593 1070 2642 inuenies
1083 2593 1159 2654 apud
1176 2593 1317 2656 Neapolim
1341 2593 1370 2640 in
1393 2593 1466 2640 uillis
1487 2607 1580 2642 eorum

947 2661 972 2702 et
984 2653 1122 2704 Bononia.
1135 2653 1185 2702 Isti
1197 2655 1230 2702 de
1235 2655 1300 2716 jure
1312 2653 1383 2702 nibil
1394 2653 1473 2702 aliud
1484 2655 1581 2704 debent

947 2715 1071 2776 conferre
1079 2729 1089 2774 ,·
1101 2715 1148 2764 sed
1163 2717 1337 2776 Neapolitani
1353 2717 1386 2764 ab
1412 2715 1469 2764 illis
1492 2719 1580 2764 multa

947 2779 1070 2836 eaipunt,
1084 2781 1109 2824 et
1120 2777 1178 2836 fere
1195 2777 1373 2836 omniaque
1397 2777 1511 2836 0010001
1532 2779 1580 2824 Do·

947 2835 1017 2884 mini
1031 2849 1047 2882 a
1060 2837 1193 2884 vassallis.

978 2897 1128 2946 Interdum
1142 2899 1240 2944 tamen
1255 2899 1297 2944 lta
1323 2895 1464 2946 clientela
1481 2909 1514 2946 ac
1534 2909 1580 2958 00-

947 2957 1069 3006 11001010
1081 2959 1196 3006 Domini
1212 2959 1337 3016 alicujus
1355 2967 1416 3006 sese
1439 2969 1579 3006 commen-

947 3017 1064 3076 dabant,
1083 3021 1115 3068 ut
1131 3017 1260 3068 obnoxiae
1283 3019 1458 3066 conditionis
1483 3031 1580 3068 cense-

947 3081 1056 3136 rentur,
1069 3081 1098 3128 et
1110 3081 1248 3140 tanquam
1262 3079 1346 3136 servi,
1364 3079 1387 3126 si
1401 3079 1516 3138 fugitivi
1536 3091 1581 3128 es-

947 3141 1020 3202 sent,
1032 3141 1255 3202 retraherentur,
1272 3143 1303 3190 ut
1316 3141 1360 3190 est
1380 3141 1411 3188 in
1435 3143 1511 3200 Lege
1535 3141 1580 3190 Ri-

947 3213 1029 3262 puar.
1042 3201 1087 3250 tit.
1100 3201 1138 3250 72.
1156 3201 1200 3262 16.
1214 3201 1276 3250 Ηο0
1296 3201 1374 3250 enim
1385 3203 1447 3260 lege
1460 3201 1580 3250 alterius

946 3263 1083 3324 potestati
1102 3273 1130 3310 se
1152 3261 1403 3320 commendabant,
1428 3265 1459 3312 ut
1487 3263 1580 3322 nuoad

947 3325 1082 3380 viverent,
1102 3323 1136 3372 de
1153 3325 1230 3372 victu
1246 3335 1279 3372 ac
1295 3325 1399 3372 vestitu
1413 3323 1468 3372 sibi
1482 3325 1516 3372 ab
1531 3325 1580 3372 illo

947 3385 1104 3440 caveretur,
1119 3385 1166 3432 001
1181 3383 1318 3446 inpenuili
1332 3383 1438 3442 ordine,
1463 3385 1515 3434 hoc
1537 3387 1580 3434 est

947 3445 1055 3504 absnue
1070 3445 1260 3504 ingenuitatis
1279 3457 1311 3494 00
1325 3445 1468 3494 libertatis
1481 3445 1580 3506 01010-

947 3507 1033 3566 dici0,
1047 3505 1195 3556 servitium
1208 3505 1415 3566 etobsenuium
1424 3517 1485 3554 sese
1497 3517 1580 3566 0100-

947 3567 1053 3616 tituros
1073 3567 1290 3628 profitebantur,
1312 3567 1365 3616 hoo
1389 3567 1487 3616 addito
1505 3567 1580 3628 quod

947 3627 1035 3678 abeo
1056 3641 1086 3678 se
1111 3627 1301 3680 subtrahendi
1328 3631 1500 3690 potestatem
1523 3641 1579 3678 non

947 3689 1097 3748 baberent,
1111 3691 1142 3738 ut
1160 3691 1202 3740 est
1218 3691 1246 3736 ln
1260 3691 1405 3738 Formulis
1421 3691 1580 3738 secundum

947 3753 1052 3810 Legem
1070 3751 1191 3800 Reman.
1206 3763 1267 3810 000.
1282 3751 1321 3798 44.
1335 3751 1468 3812 Diploma
1486 3751 1581 3800 Ludo-

948 3813 1002 3860 vlci
1033 3813 1105 3872 imp.
1134 3811 1186 3860 tilii
1214 3811 1344 3860 Lotbarii
1368 3823 1436 3860 ann.
1460 3811 1498 3860 24.
1530 3825 1580 3874 010

947 3873 1122 3922 110ηο010110
1137 3871 1320 3922 60000110001
1340 3871 1370 3920 10
1387 3871 1487 3920 Tabul.
1502 3871 1580 3932 ejus-

947 3933 1011 3984 dem
1025 3933 1207 3982 Moiiasterii:
1227 3933 1273 3980 Vel
1287 3947 1346 3994 qua
1358 3933 1526 3982 extrinsecus
1544 3935 1580 3982 ad

947 3995 1063 4042 eandem
1078 3993 1231 4054 respiciunt
1244 4007 1305 4042 aum
1321 3993 1405 4042 seruis
1419 3997 1445 4042 01
1460 3993 1581 4052 ancillis,

947 4053 1126 4114 cartulariis,
1163 4055 1373 4114 Commenditis,
1415 4055 1580 4116 aldionibus,

947 4117 1100 4174 libellariis,
1125 4121 1174 4164 etc.
1201 4117 1287 4166 Aliud
1313 4115 1439 4166 ibidem:
1469 4115 1581 4164 Necnon

946 4177 1031 4226 etiarn
1050 4177 1191 4226 uniuersos
1215 4175 1425 4234 Commenditos,
1451 4175 1581 4226 Cartala-

945 4239 1010 4298 rios,
1029 4239 1070 4286 001
1090 4237 1236 4288 libellarios
1255 4237 1388 4302 ipsorum.
1409 4237 1484 4288 Alibi
1507 4237 1581 4288 Conc-

945 4299 1068 4348 tncndati
1084 4301 1228 4348 dicuntur.
1245 4301 1408 4350 Occurrunt
1422 4299 1532 4362 passim
1550 4299 1580 4348 in

947 4363 1070 4418 Obartls,
1087 4361 1163 4422 apud
1178 4363 1355 4412 Puricellum
1369 4363 1400 4408 in
1414 4363 1580 4410 Monumen-

946 4423 985 4472 t1s
1002 4423 1197 4472 ambrosianae
1214 4423 1346 4472 Basilicae
1357 4435 1422 4484 pag.
1448 4423 1503 4470 215.
1526 4423 1579 4470 216.

945 4483 1000 4532 226.
1016 4483 1070 4532 228.
1081 4483 1134 4532 231.
1151 4483 1306 4542 Ughellum
1319 4485 1389 4532 tom.
1403 4483 1425 4530 2.
1444 4495 1510 4542 pag.
1526 4483 1580 4532 580.

945 4545 1131 4606 10016000.
1148 4545 1201 4592 616.
1217 4543 1374 4594 Perardurn
1397 4543 1425 4592 in
1446 4545 1581 4602 Burgun-

945 4605 1018 4652 dicis
1032 4615 1096 4666 pag.
1110 4605 1164 4654 216.
1187 4607 1386 4654 Ducbesnium
1413 4605 1442 4652 in
1465 4603 1578 4654 Probat.

945 4665 1023 4786 {lipitd
1049 4665 1305 4734 bionmorenciacae
1333 4677 1398 4726 pag.
1431 4665 1471 4714 34.
1508 4665 1580 4714 Vide

1025 4731 1075 4774 att.

976 4789 1125 4836 interdum
1139 4787 1281 4846 ejusmodi
1295 4787 1494 4838 Commendati
1522 4799 1581 4836 ser-

945 4849 1072 4910 01010010
1087 4847 1324 4898 accensebantur.
1341 4849 1484 4906 Quoniam
1499 4851 1582 4898 Atta-

946 4911 1052 4960 cbiam.
1073 4921 1135 4970 cap.
1156 4909 1220 4970 616
1240 4909 1271 4958 7:
1291 4909 1342 4958 Est
1367 4917 1459 4958 autem
1484 4909 1581 4958 tertius

946 4973 1042 5020 rnodus
1060 4969 1218 5018 natiuitatis
1236 4975 1261 5018 et
1288 4971 1425 5032 bondapii,
1449 4985 1511 5018 cam
1532 4971 1581 5018 ali-

946 5033 1006 5094 0010
1020 5031 1087 5080 liber
1099 5033 1175 5080 borno
1184 5045 1235 5092 pro
1254 5033 1368 5080 Doctrina
1393 5031 1518 5080 babendo
1540 5033 1580 5082 vel

944 5089 1159 5142 manutenentia
1175 5093 1296 5154 alicujus
1318 5093 1469 5154 biennalis,
1490 5093 1582 5142 reddit

945 5155 1065 5218 seipsum
1081 5155 1124 5202 illi
1142 5153 1265 5212 Domino,
1283 5169 1363 5204 suum
1378 5155 1512 5212 nativum,
1526 5155 1581 5204 sive

945 5217 1065 5264 60011001
1078 5215 1109 5264 10
1126 5215 1210 5264 Caria
1222 5229 1274 5262 sua
1289 5231 1339 5278 per
1351 5219 1440 5264 crines
1460 5217 1581 5264 anterio-

945 5293 988 5326 res
1004 5277 1104 5338 capitis
1116 5275 1167 5332 001,
1183 5281 1233 5324 010.

1019 5341 1228 5390 dalimannum
1241 5351 1404 5388 00000010.
1414 5341 1516 5402 Papyr.
1526 5341 1581 5390 Ra-

947 5407 1062 5452 vennat.
1089 5413 1133 5464 00.
1172 5401 1280 5450 blatum
1317 5401 1434 5450 illassic.
1472 5405 1579 5452 000101.

945 5463 1050 5512 10016.
1074 5475 1138 5524 pag.
1161 5463 1221 5512 362:
1246 5461 1355 5510 ,latores
1377 5461 1580 5522 ecclesiasticos,

945 5525 1103 5574 domesticos
1133 5529 1181 5572 aut
1211 5521 1418 5572 Commendatos
1455 5525 1581 5572 Ecclesiae

1902 229 1984 300 6011

1628 399 1733 450 diuerso
1760 415 1835 460 sena,
1872 401 2075 462 staurophoros,
2108 403 2157 448 010.
2191 399 2262 452 Vide

1629 473 1717 568 00010
1729 463 1805 514 11000
1814 463 2010 520 Commendati,
2022 463 2154 510 dictantur
2163 459 2261 522 liberti,

1629 535 1643 568 e
1659 535 1672 568 c

1660 583 1893 644 16611116111111,
1916 585 2064 634 Praestatio
2085 583 2259 644 010101010.

1630 643 1736 692 Charta
1751 643 1856 694 111006.
1869 647 1966 696 comit.
1982 645 2118 706 6010000.
2127 653 2177 706 010
2190 655 2264 694 com-

1631 715 1710 752 mun.
1730 703 1849 754 villaede
1865 707 2025 756 Escuellelo
2048 717 2117 754 ann.
2141 703 2211 754 1229.
2232 705 2263 756 iu

1631 765 1759 814 6601101.
1773 765 1869 826 60010,
1898 767 1975 814 llam.
2000 767 2132 826 6010001.
2153 765 2261 816 Paris:

1629 825 1759 874 Homines
1770 825 1849 872 istius
1861 825 2021 874 communite
2033 827 2067 874 de
2080 825 2195 874 mortuis
2208 839 2264 872 ma·

1629 885 1721 944 nibus,
1743 885 1777 932 de
1800 885 2022 946 forimaritapiis,
2048 887 2081 934 de
2108 885 2204 944 talliis,
2231 889 2265 936 de

1631 947 1712 1008 toltis,
1727 947 1761 994 de
1773 945 1881 1004 corveis,
1906 947 2053 1004 warennis,
2070 945 2262 1006 Commeudiis,

1631 1009 1773 1068 menapiis,
1786 1013 1921 1066 quantam
1938 1007 1977 1054 ad
1988 1021 2031 1054 me
2045 1009 2177 1066 pertinet,
2194 1009 2264 1066 00111

1630 1073 1712 1118 01001
1730 1073 1754 1118 01
1770 1065 1855 1114 liberi.
1878 1067 1949 1116 Vide
1975 1079 2061 1126 supra
2087 1065 2263 1114 Commenda·

1630 1131 1697 1178 titia
1709 1129 1926 1186 consuetudines,
1943 1129 1972 1176 et
1986 1139 2049 1176 mox
2063 1127 2264 1180 Commendisa.

1663 1189 1886 1248 adnuntiatus,
1900 1201 1950 1250 010
1962 1187 2166 1246 Commendare,
2177 1189 2264 1240 licen·

1630 1251 1672 1300 tia
1694 1253 1818 1300 Poetica.
1845 1251 1974 1314 Utuntur
1996 1249 2136 1300 alcuinus
2166 1251 2262 1312 Epigr.

1630 1311 1891 1360 121161116211.
1913 1309 1969 1358 261.
1988 1311 2016 1358 01
2041 1309 2186 1360 (laudidus
2209 1311 2264 1360 Mo·

1631 1373 1845 1422 0000101110
1869 1371 1988 1420 metrica
2015 1371 2118 1430 Eigrlis
2143 1369 2261 1422 1660110

1630 1433 1713 1482 Fuld.
1727 1445 1791 1494 cap.
1804 1435 1843 1480 24.

1661 1493 1920 1556 160000001100,
1954 1503 2003 1552 010
2040 1489 2260 1542 6000100001οε.

1630 1555 1760 1616 Epistola
1789 1555 1922 1604 Faroaldl
1946 1553 2034 1602 Ducis
2059 1553 2096 1602 ad
2123 1553 2263 1604 loannem

1630 1615 1663 1664 V.
1681 1617 1733 1664 PP.
1748 1615 1823 1678 apud
1837 1613 1944 1664 1106111.
1963 1617 2030 1662 tam.
2045 1613 2068 1662 2.
2085 1615 2188 1664 Annal.
2214 1615 2262 1664 Be-

1631 1675 1736 1726 nedici.
1770 1687 1814 1736 ag.
1829 1675 1882 1724 766.
1897 1675 1950 1724 001.
1964 1675 1994 1724 1:
2011 1675 2163 1732 Credimus,
2180 1675 2263 1724 Sanc-

1630 1735 1733 1784 tissime
1766 1745 1834 1794 ater,
1844 1735 2094 1786 Sanctitatioestrae
2105 1749 2161 1784 noa
2170 1737 2264 1796 latere,

1629 1797 1749 1858 qualiter
1761 1797 1958 1846 bionasterium
1972 1797 2002 1846 in
2014 1797 2149 1846 territorio
2171 1803 2263 1846 nostro

1630 1859 1778 1908 Sabinensi
1800 1859 1958 1920 consistens,
1975 1873 2025 1920 per
2044 1859 2153 1920 aliquas
2177 1861 2264 1906 dona-

1630 1921 1717 1968 tiones
1740 1927 1850 1968 nostras
1868 1921 1899 1968 in
1922 1921 2065 1982 cespitibus
2086 1923 2111 1968 et
2135 1919 2220 1968 seruis
2239 1925 2265 1968 et

1629 1981 1825 2028 coloniensibus
1838 1983 1925 2028 locum
1946 1981 2037 2044 ipsu-m
2058 1993 2107 2044 per
2134 1981 2263 2030 Tbornara

1629 2041 1761 2090 Abbatem
1776 2045 1801 2090 et
1822 2041 2041 2090 Cotnmenditum
2059 2045 2184 2090 nostrum
2207 2057 2264 2092 res-

1630 2103 1810 2152 tourooiruus.
1825 2103 1896 2152 Vide
1910 2103 2129 2152 Commendatns.

1714 2163 1945 2224 ababadblsl,
1990 2165 2097 2214 Eadem
2138 2165 2262 2214 notione.

1631 2225 1737 2274 6110110
1753 2237 1818 2274 000.
1835 2225 1903 2274 liti.
1919 2239 1953 2276 ex
1975 2227 2103 2276 Obartul.
2128 2227 2239 2276 Miciac.
2256 2243 2262 2276 ε

1630 2287 1720 2334 Meam
1734 2287 1800 2334 mibi
1814 2285 2032 2336 Commendisam
2044 2293 2068 2334 et
2087 2287 2262 2336 consuctudi-

1630 2361 1703 2404 nem,
1721 2347 1789 2396 sicat
1804 2347 1886 2396 babeo
1910 2347 1941 2396 in
1964 2347 2117 2398 bominibus
2141 2347 2263 2408 ejusdcm

1631 2409 1701 2458 uilla
1715 2407 1828 2458 retinui.
1847 2409 1912 2458 Tout
1927 2411 1951 2458 le
1964 2411 2036 2458 droit
2049 2409 2096 2458 des
2120 2407 2264 2458 Commen-

1630 2469 1712 2528 dises,
1728 2471 1756 2518 in
1775 2471 1824 2520 Oh.
1850 2471 2005 2520 admodiat.
2030 2473 2130 2530 major.
2160 2471 2265 2520 600101.

1631 2531 1923 2592 0001386012εο
1947 2533 2000 2582 116.
2024 2533 2179 2592 Obartoph.
2207 2543 2265 2590 reg.

1631 2593 1676 2640 011.
1690 2593 1744 2640 243.
1759 2593 1830 2642 Vide
1844 2593 1872 2640 in
1890 2593 2100 2642 Commendisla.

1663 2653 1897 2712 sebastensis,
1918 2655 1998 2704 idem
2020 2653 2095 2716 quod
2121 2653 2267 2702 Commen-

1631 2713 1717 2772 datio,
1733 2715 1843 2776 Tutela,
1859 2717 1912 2764 etc.
1929 2715 2036 2764 Charta
2053 2725 2120 2764 aun.
2141 2713 2211 2762 1222.
2235 2715 2267 2762 iu

1632 2773 1766 2824 Tabular.
1793 2775 1959 2838 Campania
1985 2775 2105 2824 Tbuano
2127 2775 2176 2844 iol.
2201 2773 2265 2822 361:

1631 2835 1688 2894 Epo
1707 2833 1880 2890 Tbeobaldus,
1895 2843 1944 2884 etc.
1958 2835 2033 2892 Quod
2045 2849 2092 2896 epo
2102 2835 2207 2884 retinui
2218 2833 2268 2882 sab

1630 2909 1673 2942 me
1708 2895 1737 2942 in
1766 2895 1969 2944 Comtnendisio
1994 2909 2056 2944 mea
2090 2893 2268 2944 Reinaudam

1631 2953 1746 3014 Seipuer
1757 2957 1842 3004 civem
1857 2955 2028 3004 Tolosanum.
2043 2951 2167 3004 60000001
2179 2955 2267 3016 siqui-

1630 3017 1691 3064 detn
1703 3015 1794 3076 ipsum
1803 3017 1982 3078 perepriuum
1996 3017 2129 3076 quaradiu
2150 3015 2199 3064 006
2225 3027 2268 3064 010

1630 3077 1791 3134 morabitur,
1829 3077 1861 3124 in
1897 3077 2098 3126 Comrncndisia
2125 3091 2186 3124 mea
2211 3077 2268 3136 fore

1631 3139 1746 3188 liberum
1759 3139 1792 3184 ab
1802 3137 1877 3186 oraui
1888 3137 1978 3194 tallia,
1992 3139 2070 3196 tolta,
2082 3143 2108 3184 et
2116 3137 2267 3194 demanda,

1631 3211 1648 3248 a
1662 3199 1774 3260 justitia
1787 3199 1865 3256 oilla,
1883 3199 1968 3246 turris
1978 3205 2003 3246 et
2016 3199 2134 3260 pabiolte,
2147 3199 2179 3246 ab
2192 3199 2268 3246 orani

1631 3259 1752 3310 caercitu
1769 3265 1795 3310 et
1808 3259 1988 3308 cbcoaucbeia
2002 3265 2028 3310 01
2051 3259 2085 3308 06
2108 3259 2184 3308 omni
2209 3259 2268 3308 alia

1631 3321 1782 3372 eductione.
1799 3321 1916 3382 Propter
1928 3321 1977 3368 boc
1988 3327 2081 3370 autem
2101 3319 2190 3368 dictus
2215 3323 2268 3370 Rc-

1630 3385 1744 3430 naadas
1766 3387 1875 3432 tenetur
1899 3381 1966 3430 mibi
1989 3385 2031 3432 001
2051 3383 2185 3430 mandato
2212 3395 2270 3430 0100

1630 3445 1745 3492 reddere
1772 3443 1857 3492 annis
1880 3443 2000 3504 singulis
2024 3445 2054 3490 iu
2073 3441 2212 3492 nundinis
2239 3443 2269 3490 S.

1631 3505 1737 3568 Aipalb
1756 3505 1796 3554 66.
1820 3505 1868 3554 001.
1889 3503 2005 3552 Pravin.
2024 3517 2073 3566 pro
2095 3517 2150 3554 uno
2172 3505 2271 3566 scppbo

1631 3565 1750 3628 arpenti,
1764 3565 1848 3614 unius
1857 3565 1984 3626 marcha,
1994 3565 2112 3614 interius
2124 3565 2268 3614 deaurato.

1631 3629 1738 3688 Actum,
1763 3631 1813 3676 etc.
1839 3627 1903 3676 1110
1927 3637 1995 3676 000.
2019 3627 2089 3676 1266.
2116 3627 2148 3676 10
2170 3629 2269 3676 eodem

1631 3691 1782 3740 chartul:
1811 3689 1868 3750 Epo
1896 3687 1983 3750 recepi
2009 3687 2040 3736 ia
2069 3687 2272 3738 Commeudisia

1630 3765 1692 3798 mea
1705 3751 1775 3800 6000
1788 3751 1841 3808 tide
1854 3751 2042 3810 Margaretam
2056 3763 2169 3798 aucorem
2190 3749 2269 3798 Petri

1631 3811 1794 3874 Ropmundi
1823 3811 1956 3858 Tolosani.
1985 3811 2029 3858 lta
2066 3815 2160 3860 tamen
2198 3811 2270 3872 quod

1631 3873 1704 3920 dicta
1718 3871 1877 3932 Marpareta
1888 3871 1982 3920 reddet
1989 3869 2067 3928 mibi,
2076 3877 2125 3920 etc.
2138 3875 2270 3934 scppbum

1631 3933 1750 3994 arpenti,
1765 3941 1813 3982 etc.
1826 3937 1852 3980 et
1861 3945 1913 3992 per
1927 3933 1976 3980 boc
1988 3933 2044 3980 uolo
2060 3933 2177 3982 eandem
2192 3933 2268 3982 Mar-

1630 3997 1756 4054 paretatn
1771 4007 1827 4042 esse
1846 3993 1997 4042 immunem
2021 3993 2053 4042 06
2078 3995 2154 4042 orsini
2179 3993 2271 4052 tallia,

1631 4061 1681 4104 etc.
1705 4053 1893 4104 Tabularlum
1920 4053 2043 4104 Abiense
2072 4057 2121 4104 101.
2144 4057 2189 4104 62;
2216 4057 2272 4102 Pro

1631 4117 1730 4176 quibus
1748 4115 1900 4164 annuatim
1921 4117 2043 4166 reddant
2070 4117 2214 4164 Fratribus
2238 4117 2272 4162 de

1632 4177 1771 4238 Massipue
1799 4179 1821 4226 4.
1852 4189 1979 4224 namisias
2008 4179 2041 4226 de
2072 4177 2272 4226 Commeudiza.

1633 4239 1821 4288 Tabularium
1838 4237 1863 4288 S.
1880 4239 2032 4290 Trinitatis
2049 4239 2271 4288 Vindocinensis

1632 4311 1699 4348 ann.
1718 4299 1792 4348 1083:
1810 4299 1922 4348 Terram
1940 4315 2000 4360 quac
2021 4305 2135 4348 uocatur
2156 4299 2271 4348 1101000-

1632 4363 1684 4418 las,
1711 4361 1785 4408 misit
1812 4363 1940 4410 Ametino
1972 4363 2002 4408 in
2036 4361 2271 4410 Commendisiam

1633 4421 1841 4482 OdoniComiti,
1856 4423 1942 4472 talem
1966 4423 2099 4482 uidelicet,
2127 4427 2159 4470 at
2182 4435 2271 4470 nnus-

1632 4483 1746 4544 quisque
1760 4483 1808 4546 qui
1820 4499 1852 4532 ea
1864 4489 1939 4532 terra
1958 4483 2073 4532 bardam
2098 4485 2140 4532 vel
2160 4483 2274 4532 domum

1631 4543 1751 4602 baberet,
1775 4545 1881 4592 acinam
1907 4557 2000 4592 00000
2019 4545 2147 4594 redderet
2170 4545 2213 4592 illi
2238 4543 2271 4592 ob

1632 4609 1826 4656 tutamentum.
1841 4607 1898 4654 601
1910 4619 1976 4656 vero
1987 4607 2118 4656 Amelina
2130 4605 2272 4666 praedium

1631 4677 1720 4714 suum
1732 4667 1823 4716 Odonl
1840 4669 2094 4722 commendaverit,
2114 4669 2155 4716 sic
2176 4667 2271 4728 prodit

1632 4727 1853 4778 106110110288.
1871 4729 1966 4778 10161
1982 4743 1986 4776 :
2013 4727 2068 4778 Sed
2090 4727 2157 4788 0010
2185 4727 2272 4790 (terra

1632 4789 1709 4850 apud
1722 4789 1884 4852 balneolos)
1895 4789 2025 4852 continua
2037 4793 2132 4838 caetero
2146 4801 2203 4836 noa
2213 4791 2274 4836 crat

1631 4863 1689 4898 meo
1713 4855 1879 4908 casamento,
1905 4857 1930 4900 et
1955 4853 1989 4900 ab
2009 4851 2056 4900 illo
2082 4851 2161 4912 10000
2182 4863 2275 4898 maae-

1631 4911 1703 4970 bam,
1723 4911 1783 4960 idco
1804 4913 1842 4960 ad
1862 4913 1983 4962 Orionem
2005 4911 2138 4962 Comitem
2162 4911 2271 4970 accessi,

1631 4973 1678 5034 qui
1695 4987 1737 5022 010
1759 4975 1894 5022 ualentior
1914 4981 1983 5032 erat,
2005 4987 2067 5022 earn
2087 4973 2159 5022 tueri
2180 4973 2274 5032 depre-

1631 5047 1705 5092 cans,
1721 5041 1751 5084 at
1764 5035 1854 5096 ipsam
1871 5047 1889 5082 a
1904 5035 1961 5082 suis
1976 5035 2102 5084 00101600
2116 5035 2230 5094 receptis
2243 5033 2274 5080 ob

1631 5107 1752 5144 amorem
1768 5109 1869 5152 metim,
1883 5109 1916 5142 ac
1927 5095 1951 5142 si
1961 5095 2114 5156 propriam,
2130 5107 2177 5142 suo
2198 5099 2274 5142 tuta-

1631 5155 1707 5206 mine
1723 5157 1890 5216 defensaret,
1907 5155 1977 5202 dans
1998 5155 2041 5204 illi
2063 5157 2118 5204 loco
2141 5155 2274 5206 mercedis

1631 5217 1794 5278 66000100,
1811 5221 1858 5264 etc.
1887 5217 1994 5266 6110110
2021 5217 2154 5276 Hugonis
2184 5215 2274 5266 Ducis

1632 5279 1808 5338 Burgundios
1822 5289 1891 5326 ann.
1905 5277 1985 5326 1236:
2002 5279 2046 5326 Ec
2055 5279 2207 5338 praemissis
2221 5277 2276 5338 ipi-

1632 5347 1678 5388 tnr
1692 5337 1803 5400 plenius
1818 5337 1994 5386 attendentes
2009 5341 2082 5400 qaod
2105 5345 2275 5388 *memoratus

1631 5401 1894 5450 auunculusnoster
1907 5401 1938 5448 D.
1960 5399 2043 5450 Cuill.
2071 5401 2104 5448 de
2133 5401 2275 5462 Verpeiaco

1632 5469 1682 5508 aut
1697 5461 1799 5522 aliquis
1814 5461 1888 5508 alius
1900 5461 2007 5508 nullam
2026 5463 2106 5512 tiabat
2126 5461 2276 5524 guardiam

1631 5527 1681 5570 001
1698 5521 1931 5570 Commendisiam
1945 5523 1975 5570 in
1999 5523 2133 5572 Abbatern
2157 5531 2183 5572 et
2205 5523 2278 5572 Con-
