5076 6258
548 231 622 302 CdP

303 399 380 454 Carrio.
391 401 489 456 capparis,
501 409 611 456 gangrena,
620 397 724 454 capidula,
735 409 827 454 eercops.

295 489 324 522 '5³2²
339 487 479 538 carious.
496 487 588 538 Germ.
605 501 658 548 ayn
673 485 895 552 pehpiztgefasz)

265 565 303 602 art
314 551 401 598 elnam
418 549 546 598 Setttuert.
561 547 699 598 Vocabul.
711 553 776 598 Lat.
799 553 893 602 Germ.

266 625 330 664 alin.
345 613 413 658 1477.
428 613 520 660 horti..
537 613 589 670 leg.
608 611 739 672 Caputus.

296 673 309 706 ii
322 671 463 730 CAPIGER,
480 673 613 722 Olticimn
627 673 657 720 iu
676 673 830 734 panetaria
851 687 894 724 re-

268 737 321 796 gia,
351 733 385 780 ad
411 735 485 790 cuod
512 733 584 782 torte
611 745 753 794 caporum,
790 735 895 794 ouibus

267 795 349 856 panis
364 793 552 852 operiebatur,
570 805 639 842 cura
665 793 823 854 spectabat.
838 795 894 844 Lit.

268 857 375 904 remiss,
392 865 458 902 ann.
471 853 540 902 tilde.
553 853 581 900 in
596 855 665 912 Rea.
680 855 720 904 84.
738 855 895 914 Ghartoph.

268 929 323 974 reg.
340 913 382 964 ch.
404 913 466 962 204:
489 913 627 962 doliannes
644 915 678 964 de
697 913 819 964 Minettis
848 915 896 962 Ca-

266 977 342 1084 pjipetr
361 973 644 1084 panetajrgpurposltrg,
671 983 721 1084 etcl.
746 977 828 1024 Alius
852 975 896 1024 est

293 1049 439 1088 mnne
509 1049 515 1094 r
568 1049 576 1082 1
636 1049 727 1084 aa.

299 1097 310 1156 t
323 1049 535 1156 caerimonia
555 1049 720 1154 Festivitas,
732 1109 788 1156 oua
801 1095 895 1156 prima

270 1159 354 1206 tiebat
374 1157 501 1206 detonsio
524 1157 705 1216 capillorum.
723 1157 782 1204 Lex
802 1157 895 1204 Salica

270 1219 313 1268 tit.
325 1217 365 1266 b'8:
382 1217 413 1264 Si
426 1217 486 1278 quis
497 1223 573 1276 pater
586 1223 633 1266 aut
642 1217 771 1276 parentis
784 1215 896 1276 quando

270 1279 355 1338 filiam
369 1291 446 1326 suam
462 1279 498 1324 ad
509 1275 607 1324 marito
620 1277 717 1336 donat,
740 1283 796 1326 tota
818 1281 896 1324 entra

269 1345 347 1400 parte
380 1339 477 1398 fratris
507 1339 549 1386 sui
586 1335 730 1396 uiridicit,·
770 1337 897 1384 similiter

272 1399 379 1460 artando
404 1401 476 1462 tilitas
489 1413 551 1446 sitris
565 1399 602 1444 aot
626 1397 811 1458 Capitatorias
830 1411 895 1446 suas

272 1461 364 1520 iiciret,
374 1475 425 1522 otro
437 1461 501 1522 qitid
514 1457 714 1516 donatofuiret,
728 1465 807 1506 enchra
814 1465 896 1520 parte

275 1523 319 1568 boc
332 1523 425 1582 teniat,
440 1529 465 1570 et
479 1521 583 1582 aliquas
595 1531 637 1566 res
651 1519 768 1568 diuidat.
785 1519 827 1566 Ex
842 1519 896 1568 hac

275 1581 335 1642 lege
357 1585 432 1642 patet
448 1579 614 1640 Capitatoria
630 1579 798 1628 festivitatis
818 1591 896 1628 occa-

276 1643 354 1690 sione
376 1641 569 1702 aparentibus
594 1651 714 1688 munera
736 1639 805 1686 tiliis
832 1639 895 1686 ado·

277 1701 444 1750 lescentibas
460 1699 561 1748 collata
576 1699 682 1756 tuisse;
699 1701 775 1748 etex
790 1699 852 1756 lege
871 1699 894 1748 1.

276 1763 330 1812 Til.
341 1763 385 1808 28:
402 1759 502 1822 Siquis
513 1773 630 1822 puerunt
651 1759 729 1818 infra
754 1759 896 1808 duodecim

277 1835 414 1876 antrorum,
435 1833 489 1868 non
503 1825 671 1868 tonsoratum
694 1819 831 1882 occiderit,
847 1829 895 1870 etc.

278 1883 416 1930 concludit
435 1881 585 1936 Ecrardus,
608 1883 682 1930 hanc
702 1883 896 1930 ceremoniam

279 1945 305 1990 in
321 1941 411 2002 pueris
424 1941 588 1990 duodecimo
607 1941 701 1990 aetatis
716 1953 792 1990 anno
806 1941 896 1990 fuisse

277 2001 448 2106 rtrrlebpatailrlr.
465 2001 534 2050 Vide
558 2001 729 2062 Capiltoram
746 2001 897 2050 benedictio

285 2065 336 2110 lost
368 2071 411 2118 ant
434 2073 453 2106 t.

276 2075 452 2178 1rttAPIID,
477 2121 585 2170 Domus
611 2119 764 2182 praecipua.
790 2121 896 2170 Charta

276 2191 337 2228 auri.
358 2179 431 2228 ires:
454 2179 575 2240 Encepta
600 2181 650 2230 illa
668 2187 750 2242 parte
772 2181 825 2228 orti
848 2195 897 2228 seu

275 2247 348 2286 terrae
360 2239 501 2298 praedicta,
513 2241 544 2288 in
557 2255 612 2302 qua
628 2241 724 2302 Capite
744 2255 792 2290 seu
806 2243 897 2302 capud

275 2301 365 2346 doozus
386 2299 451 2348 dicti
473 2299 606 2348 lobannis
635 2305 675 2350 est
703 2307 896 2350 constructum.

275 2359 341 2408 Vide
358 2359 442 2418 Caput
456 2361 546 2408 attonsi
559 2363 588 2408 in
604 2361 693 2422 Caput
705 2363 729 2410 3.

303 2423 327 2476 >t
341 2417 478 2470 merati.
491 2419 582 2480 [Vena
597 2421 710 2482 capitis.
723 2419 843 2482 (Diuum

273 2479 549 2588 PChPILLAMENTA,
566 2481 745 2530 Summitatcs
759 2481 896 2544 arborum,

296 2551 310 2588 a
332 2551 381 2588 ras,

302 2553 329 2648 ii)
338 2599 516 2658 CAPILLARE,
530 2599 682 2660 Concidere,
695 2601 799 2658 Papia.
813 2601 897 2650 Joan-

274 2671 321 2708 nes
335 2661 368 2710 de
380 2661 488 2710 lanua:
503 2659 649 2720 Capittare,
667 2661 839 2722 Capillatam
851 2663 898 2722 fa-

274 2733 339 2776 cere,
350 2725 379 2766 ut
394 2723 576 2782 Decapettare,
596 2721 675 2768 aatde
699 2721 840 2782 capitione,
856 2723 897 2770 oet

272 2783 380 2842 capillos
412 2783 528 2842 auferre.
555 2781 596 2842 [aa
615 2783 715 2830 Crines
739 2783 843 2830 vellere
867 2783 897 2830 in

273 2843 374 2892 Statat.
386 2843 516 2892 academ.
530 2843 689 2902 Lipsiensis
703 2853 837 2892 secitur.
850 2855 897 2904 ap.

272 2903 402 2952 Haltaus
415 2905 444 2950 in
463 2903 585 2952 Glossar.
599 2903 732 2950 German.
753 2903 805 2950 col.
821 2903 896 2952 laos:

275 2963 410 3020 Quatenus
422 2965 513 3012 nullas
524 2963 649 3022 deinceps
664 2965 785 3024 aliquem
797 2977 831 3010 ea
845 2963 898 3010 hiis

272 3025 319 3084 qui
333 3037 386 3072 sese
401 3025 429 3072 in
441 3037 550 3084 presens
563 3023 696 3084 oppidum
721 3029 745 3070 et
768 3025 840 3072 lianc
854 3025 897 3070 at-

272 3097 345 3130 inam
371 3085 539 3132 academiam
561 3085 647 3132 studii
672 3097 757 3130 causa
780 3085 898 3132 contule·

272 3149 345 3202 runt,
360 3159 423 3204 quos
443 3143 569 3192 nonnulli
591 3145 691 3192 bannos
715 3157 764 3192 suo
785 3143 898 3192 nomine

273 3205 482 3266 cornpettitant...
500 3203 586 3252 uerbis
600 3205 743 3266 injuriosis
766 3203 896 3266 offendat,

272 3265 397 3322 verberet,
411 3265 532 3326 Capillet,
543 3279 616 3324 aqua
626 3279 673 3314 seu
685 3265 772 3312 urina
781 3263 897 3326 perfun-

272 3325 327 3388 dat,
343 3333 389 3374 etc.
407 3327 508 3374 Statut.
533 3325 664 3384 lutburg.
689 3337 757 3372 ann.
781 3325 849 3374 ileo.
867 3325 897 3372 in

272 3387 376 3436 Histor.
390 3387 450 3436 Zar.
467 3385 535 3434 Bad.
548 3385 602 3434 vol.
614 3385 638 3432 5.
651 3397 717 3446 pag.
731 3385 776 3434 56:
797 3385 829 3434 Si
844 3385 898 3432 duo

272 3447 337 3496 ciues
352 3461 378 3494 sc
395 3445 507 3494 inuicem
523 3445 753 3508 Capillauerint..,
779 3445 810 3494 Si
832 3445 897 3494 bur·

270 3509 356 3570 pensis
378 3515 538 3556 eatraacum
548 3507 716 3568 percusserit
728 3507 771 3556 oet
789 3507 897 3568 depila-

271 3571 363 3618 cerit...
389 3567 419 3616 Si
432 3569 484 3616 duo
500 3569 674 3628 btrrpenses...
695 3569 767 3616 alter
779 3571 898 3616 atterum

273 3627 454 3690 Capitlarerit,
466 3629 526 3690 etc]
541 3629 610 3678 Vide
625 3629 772 3690 Capulare.

299 3691 315 3724 ²³²²
330 3691 519 3750 Garruunrro,
533 3691 611 3738 idem
625 3691 700 3748 quod
715 3689 896 3750 Capulatura,

272 3751 389 3800 Vulnus.
406 3751 474 3798 Vide
489 3751 517 3798 in
535 3751 681 3812 Caputare.

300 3825 312 3886 i
332 3827 354 3874 2.
377 3825 558 3886 carlittus,
594 3825 771 3888 Unpttentum
792 3827 830 3874 ad
854 3839 897 3874 ca-

266 3889 550 4000 pillffipigncopitatum,
569 3889 599 3938 in
621 3889 787 3938 Sussannaei
806 3889 897 3938 Voca-

299 4009 315 4042 a
329 4011 352 4058 a.
368 4007 548 4068 CAPILLARE,
565 4009 669 4072 τριχόω,
682 4009 713 4058 in
726 4009 819 4060 Gloss.
833 4011 897 4058 Lai.

271 4073 315 4120 Gr.
333 4071 360 4118 id
375 4071 425 4126 est,
441 4071 567 4120 Pilosum
584 4071 678 4120 reddo.

296 4147 895 4210 lCAPlLLASCIT,Capittisporrcctis.Closs,

271 4211 451 4264 Sanaerman.
468 4209 545 4258 MSS.
560 4221 640 4258 num.
656 4209 710 4280 illl.

299 4269 473 4328 territari,
504 4267 629 4330 Κομήται,
655 4283 685 4318 in
711 4271 801 4318 Gloss.
833 4271 894 4318 Lat.

271 4333 352 4380 Graec.
377 4333 420 4380 Ita
437 4331 507 4378 dicti
532 4341 548 4378 a
571 4331 713 4390 promisso
737 4333 816 4380 crine
842 4331 896 4378 viri

270 4391 375 4440 nobiles
391 4391 464 4454 apud
478 4391 595 4440 Gothos
605 4391 767 4440 Jornandes
782 4395 816 4442 de
827 4391 895 4440 Reb.

270 4453 354 4502 Getic.
369 4453 402 4502 de
418 4453 556 4502 Diceneo:
575 4451 664 4512 Eteptt
676 4465 797 4512 namque
812 4467 845 4502 en
858 4453 897 4500 eis

269 4519 332 4560 tunc
345 4513 522 4560 eruditissimos
535 4511 730 4572 prudentiores
753 4513 834 4572 uiros,
856 4515 897 4574 fc-

269 4573 354 4682 pitntae
362 4573 713 4694 ᾰςαοονάοοοῗροοορρρέρὲ
722 4573 897 4694 9Igiteiatorpcrzn

284 4649 359 4682 ania
377 4649 537 4684 ³ens....ret
557 4649 606 4682 rear
669 4661 672 4666 ,
756 4649 830 4682 nem
885 4661 897 4672 -

266 4695 374 4756 pittatos
391 4695 477 4744 dicere
495 4695 588 4756 jussit,
602 4695 675 4756 paracl
696 4707 795 4742 nomen
819 4695 898 4744 Gothi

265 4771 313 4816 pro
326 4771 423 4816 rtrapno
431 4757 616 4818 suscipientes,
629 4755 719 4804 adbuc
730 4755 762 4802 in
770 4755 827 4802 suis
835 4771 897 4804 cart·

269 4819 384 4864 tionibus
406 4819 632 4866 reminiscuntar.
656 4817 792 4866 Edictum
811 4819 899 4866 Theo-

270 4879 354 4926 derici
369 4879 456 4938 Regis
470 4891 502 4928 cn
527 4879 614 4928 .145:
641 4877 794 4924 Dummodo
818 4879 898 4926 tertio

269 4937 411 5000 praeintibet
425 4891 622 4998 Captliatoram
632 4939 898 4998 fuisscconrentum,

269 5005 316 5044 aut
343 4999 477 5044 coertionis
506 4999 540 5046 ab
569 5001 662 5048 eodem
691 4999 801 5056 emissae,
833 4997 899 5060 tides

269 5059 398 5116 ostendat,
422 5065 470 5106 etc.
495 5059 577 5118 apuu
604 5061 771 5110 Senatorem
798 5059 846 5108 lib.
874 5061 897 5106 4.

270 5119 390 5166 formula
415 5119 453 5166 4a.
479 5119 648 5170 inscribitur
672 5119 810 5168 irniuersis
833 5131 898 5180 pro-

268 5177 429 5226 cinctatibus
448 5187 473 5228 ct
489 5179 643 5240 Capillatis,
665 5179 859 5242 Defensoribus
874 5185 899 5228 ct

271 5239 425 5286 Crtriatibus
452 5239 554 5288 Setovia
581 5241 797 5290 consistentibus.
827 5241 899 5290 Vide

271 5299 378 5354 Criniti,
395 5299 505 5348 Piteati.

299 5359 311 5392 Ψ
326 5359 519 5410 capiciario.
533 5361 604 5412 Vide
619 5365 684 5422 post
701 5365 846 5424 Capulare.

300 5399 525 5480 tnrrnnrrruu,
549 5421 733 5482 Captltanua,
749 5423 898 5482 uguiionr.

301 5477 516 5540 CAPILLATIUS,
542 5481 584 5530 Ex
605 5483 718 5544 capillis
739 5485 898 5532 coniectus.

1224 235 1299 304 cir

951 403 1014 450 Vela
1025 399 1223 462 capillatiam
1238 399 1328 448 Exodi
1342 397 1429 448 veleri
1440 399 1580 448 versione.

947 463 1125 524 Capillatiam
1152 459 1302 520 cinpnlum,
1332 459 1480 520 Capillatis
1503 473 1581 518 aaran,

945 525 1023 584 apud
1046 523 1180 570 sanctum
1199 521 1398 580 arguamini
1423 519 1472 570 llb.
1493 521 1533 568 aa.
1547 523 1581 570 de

947 583 1030 634 Cirit.
1047 583 1098 630 Dei
1112 593 1174 640 cap.
1188 581 1212 628 8.

977 641 1206 692 cartularum.
1232 643 1257 690 S.
1283 641 1416 702 cyprian.
1439 643 1531 704 Epist.
1547 641 1580 688 8:

946 703 1106 754 Semitonsis
1138 703 1235 764 capitis
1271 703 1475 764 Capillaturam
1508 701 1581 750 ada·

946 763 1086 826 questas.
1103 763 1257 822 augustin.
1277 765 1365 814 Serui.
1381 763 1436 810 24²4.
1452 763 1485 812 de
1503 763 1582 810 Tem-

945 835 1032 886 pore:
1052 823 1201 886 Superslua
1220 831 1245 872 et
1271 823 1435 872 inordinata
1458 823 1582 884 Capilla-

947 893 1020 932 tara.
1040 885 1072 932 In
1102 885 1332 934 sacramentario
1359 885 1583 944 serenantes

946 945 976 994 in
991 945 1097 994 Ordine
1112 947 1241 996 Romano
1257 949 1372 994 exstant
1387 947 1530 994 Orationes
1545 947 1583 994 ad

948 1005 1152 1066 Capillaturam
1166 1007 1354 1064 incidendam,
1369 1013 1395 1056 et
1408 1009 1446 1054 ad
1464 1021 1582 1068 puerum

947 1069 1159 1116 tonsurandum.
1190 1069 1261 1116 Vide
1289 1069 1387 1116 Vitam
1418 1069 1443 1116 S.
1471 1069 1582 1118 Gerlaci

946 1129 1080 1178 Eremitae
1098 1141 1177 1176 num.
1192 1129 1230 1178 23.
1248 1131 1277 1178 et
1298 1129 1328 1178 in
1354 1129 1449 1178 verbis
1473 1129 1581 1178 Barba·

946 1189 1017 1236 toria
1028 1189 1066 1252 [et
1080 1189 1271 1250 Capitatoria.]

977 1249 1212 1308 Garianaruaa,
1253 1251 1340 1298 dorna
1379 1249 1580 1310 supposititia,

945 1309 1011 1358 Ital.
1026 1309 1063 1356 Ca
1085 1311 1211 1366 illatura,
1227 1309 1341 1364 nostrie,
1360 1309 1515 1358 Cheuelure.
1532 1309 1582 1358 Pa-

944 1371 1026 1430 pias:
1074 1369 1242 1428 atiendrum,
1272 1369 1458 1428 Capillatura,
1481 1383 1582 1432 suppo·

945 1429 1013 1480 situs
1028 1429 1112 1476 crinis
1124 1443 1175 1490 pro
1198 1429 1327 1478 naturali
1349 1435 1453 1478 ornatu
1473 1429 1582 1492 capitis,

946 1493 986 1538 oel
997 1505 1048 1552 quo
1061 1491 1098 1538 ad
1106 1491 1245 1538 ornandos
1254 1491 1343 1540 crines
1352 1495 1474 1538 uitentur
1484 1489 1560 1538 Alibi
1575 1509 1580 1540 :

947 1551 1080 1612 Capillus,
1104 1563 1121 1596 a
1145 1565 1197 1612 quo
1217 1549 1369 1612 capillaria,
1396 1549 1581 1610 Capillatura,

946 1623 1055 1658 corona.
1071 1613 1155 1660 loun.
1170 1611 1205 1660 de
1220 1611 1334 1658 ,tariua2
1353 1609 1534 1672 Capiltitium,
1552 1611 1583 1660 id

946 1677 993 1728 est,
1013 1669 1196 1732 Capillatura,
1222 1671 1459 1732 capillamentum.
1482 1669 1582 1720 Perru-

947 1745 1008 1792 que,
1027 1733 1110 1780 hodie
1126 1733 1259 1780 dicimus.
1275 1733 1347 1780 Vide
1359 1743 1421 1792 oriae
1440 1731 1474 1780 de
1496 1733 1582 1792 capil-

947 1793 1083 1842 lamentis
1110 1791 1242 1844 obseruat
1271 1793 1393 1842 Vossius
1415 1789 1464 1840 lib.
1493 1793 1518 1840 2.
1547 1793 1582 1844 de

947 1853 1034 1902 Vitiis
1049 1855 1191 1902 sermonis
1207 1865 1268 1916 cap.
1284 1853 1322 1904 15.
1339 1867 1404 1916 pag.
1418 1853 1473 1902 257.

977 1931 1208 1994 tohPlIIATIlS,
1223 1931 1333 1994 κομήτης
1357 1927 1446 1992 ἀστήρ,
1463 1931 1581 1992 Cometa,

946 1993 976 2042 in
993 1993 1198 2054 Sapplementa
1214 1993 1390 2052 antiquarii.

977 2069 1111 2116 GAPILLI.
1129 2069 1248 2128 Capillos
1257 2083 1371 2128 ponere,
1395 2069 1450 2116 Per
1463 2069 1582 2130 Capillos

946 2143 974 2176 se
989 2129 1095 2190 offerre,
1109 2129 1247 2178 dicuutur
1272 2131 1416 2184 Menaeni,
1439 2131 1515 2188 quod
1530 2131 1582 2178 sci-

947 2191 1014 2240 licet
1037 2203 1149 2238 comam
1175 2191 1293 2258 ponant.
1319 2191 1375 2238 Leo
1400 2191 1467 2258 Ost.¹
1485 2189 1536 2258 lib.
1558 2191 1581 2240 1.

947 2251 1074 2368 irrui..
1087 2249 1582 2378 ttlttttlit.attitulata

947 2371 1042 2418 obtulit
1056 2383 1107 2428 per
1122 2369 1242 2430 Capillos
1257 2371 1355 2428 capitis
1370 2383 1413 2416 sui
1433 2369 1583 2428 Praeposito

947 2437 1046 2478 nostro.
1062 2429 1207 2478 Dimittere
1232 2429 1361 2490 Capillos,
1385 2429 1461 2488 apud
1484 2431 1581 2478 Sidon.

947 2491 1143 2552 iatralipten
1167 2491 1191 2538 1.
1212 2491 1387 2538 Glericatum
1412 2493 1464 2538 aut
1486 2491 1582 2538 Mona-

947 2551 1092 2600 chismum
1112 2551 1219 2600 subire.
1242 2551 1314 2600 Vide
1337 2551 1522 2600 Sirmoudum
1545 2551 1581 2598 ad

947 2611 1080 2660 eumdem
1095 2611 1143 2662 lib.
1159 2613 1182 2658 4.
1199 2611 1290 2670 Epist.
1307 2611 1345 2658 24.
1362 2611 1493 2660 Hilarius
1518 2611 1583 2660 Are-

948 2671 1040 2718 latin
1060 2671 1127 2718 Vita
1151 2671 1176 2720 S.
1190 2671 1353 2720 Honorati:
1380 2671 1524 2730 Reparatur
1546 2671 1583 2718 ad

947 2731 1037 2778 breues
1054 2731 1173 2792 Capillos
1190 2731 1364 2780 luxuriantes
1386 2745 1473 2794 come,
1488 2737 1582 2780 trans·

947 2791 1037 2850 fertur
1051 2793 1088 2838 act
1102 2791 1220 2840 nitorem
1234 2791 1335 2840 mentis
1349 2793 1464 2840 cestium
1488 2793 1582 2854 spten-

947 2851 1005 2914 dor,
1013 2853 1122 2900 ceruicis
1133 2855 1224 2902 lacteae
1235 2853 1316 2900 decus
1329 2853 1422 2914 palliis
1430 2853 1583 2914 ridentibus

947 2919 1106 2974 occupatur.
1123 2915 1264 2962 Paulinus
1277 2925 1365 2962 carm.
1382 2915 1431 2962 13:

1000 2997 1040 3038 Sed
1048 3009 1119 3040 rursus
1133 2997 1186 3040 idem
1196 3001 1215 3038 et
1224 2997 1348 3046 Euangeliou
1358 2997 1446 3050 desuper

1039 3049 1126 3090 Mentem
1136 3055 1224 3090 retectus
1233 3049 1317 3096 lumine,

999 3101 1064 3142 Ponat
1076 3101 1165 3152 Capillos
1175 3101 1243 3142 oneris
1253 3105 1275 3142 a
1283 3101 1396 3150 velaminis,

1039 3151 1115 3192 Serius
1124 3151 1178 3200 adei,
1194 3157 1215 3194 et
1224 3151 1274 3192 liber
1283 3151 1331 3194 tide.

947 3241 990 3288 Ex
1004 3239 1107 3298 ouibus
1130 3239 1220 3298 linaei
1238 3239 1407 3300 Cupittorum
1418 3239 1581 3300 positionem

947 3299 1110 3358 symbolum
1135 3301 1224 3348 luisse
1250 3299 1406 3356 seruitutis
1423 3313 1510 3358 quam
1523 3301 1582 3348 Deo

948 3371 996 3418 per
1012 3361 1143 3408 votorum
1156 3361 1341 3408 emissionem
1355 3359 1581 3420 profitebantur:

948 3421 1024 3468 unde
1046 3419 1124 3468 Serui
1146 3421 1197 3468 Dei
1220 3419 1306 3478 vulgo
1334 3421 1479 3482 appellati.
1508 3421 1582 3468 Nam

948 3481 1022 3528 servi
1045 3481 1121 3530 tonsi
1147 3481 1236 3530 erant.
1255 3481 1398 3530 Formulae
1412 3481 1521 3530 veteres
1534 3479 1581 3526 Pi-

947 3541 1019 3590 thoei
1044 3553 1077 3590 ca
1101 3579 1104 3588 .
1127 3541 1166 3590 75.
1192 3541 1223 3588 in
1240 3541 1297 3590 MS.
1313 3541 1356 3602 [aa
1371 3541 1495 3600 Bignon.
1510 3541 1580 3602 26.];

947 3601 1061 3648 Minime
1074 3553 1157 3648 iubat
1169 3601 1244 3650 unde
1266 3603 1447 3650 transsolvere
1460 3601 1581 3660 debeam,

947 3661 984 3708 sic
996 3661 1064 3710 mibi
1079 3661 1232 3722 aptificavit
1243 3663 1426 3710 tribrachium
1439 3663 1470 3710 in
1484 3663 1583 3710 collum

944 3723 1032 3782 posui,
1048 3729 1074 3772 et
1090 3737 1143 3784 per
1165 3721 1278 3772 Comum
1298 3721 1399 3784 capitis
1415 3721 1470 3772 niel
1492 3737 1582 3770 coram

944 3783 1125 3842 presentibus
1144 3783 1298 3832 hominihus
1314 3785 1425 3832 tradere
1439 3783 1492 3844 feci
1506 3783 1537 3830 in
1550 3795 1582 3832 ea

947 3841 1062 3900 tatiane,
1079 3847 1128 3892 etc.
1143 3843 1304 3892 Concilium
1326 3847 1496 3904 Epaonense
1518 3855 1581 3892 can.

947 3905 992 3952 39:
1012 3903 1110 3952 Seruus
1136 3909 1216 3952 reatu
1240 3905 1372 3952 atrociore
1394 3905 1547 3966 culpabitis,
1560 3905 1582 3952 si

947 3967 985 4012 ad
1008 3965 1158 4014 Ecclesiam
1179 3965 1338 4026 confuperr't,
1363 3979 1381 4012 a
1398 3967 1582 4026 corporalibus

948 4031 1056 4074 tantum
1072 4025 1216 4088 suppliciis
1230 4033 1391 4074 excusetur:
1415 4027 1449 4074 de
1474 4025 1582 4086 capitiis

947 4101 1015 4142 uero,
1029 4087 1071 4134 uel
1091 4099 1251 4148 quocunque
1274 4099 1353 4150 opere
1372 4087 1479 4148 placuit
1503 4099 1520 4132 a
1535 4087 1582 4132 olo-

947 4147 1030 4194 minis
1038 4147 1202 4208 juramenta
1220 4159 1277 4194 aton
1298 4147 1380 4208 accipi.
1395 4147 1428 4196 Id
1444 4147 1496 4208 est,
1512 4147 1581 4206 quin

948 4221 964 4256 a
979 4207 1104 4256 dominis
1129 4209 1344 4256 retraherentur
1359 4209 1389 4256 in
1404 4207 1580 4264 servitutem,

947 4267 1086 4326 detonsis,
1102 4269 1134 4318 ut
1156 4269 1185 4316 in
1208 4267 1297 4316 servis
1320 4267 1382 4316 lieri
1403 4267 1522 4330 solebat,
1538 4281 1582 4318 ca-

947 4329 1035 4390 pillis
1065 4331 1093 4378 et
1116 4329 1152 4378 ab
1179 4329 1215 4378 iis
1242 4339 1333 4390 operae
1361 4329 1581 4390 imperarentur.

948 4391 1120 4438 Anastasius
1134 4389 1272 4438 Biblioth.
1284 4389 1313 4436 in
1325 4391 1439 4438 Prasiai.
1454 4389 1490 4438 ad
1504 4391 1581 4438 VIII.

949 4451 1055 4500 Concil.
1073 4451 1106 4500 de
1128 4451 1320 4510 Bulgarorum
1343 4451 1435 4510 Rege:
1460 4449 1494 4498 In
1517 4453 1582 4498 tan-

949 4519 1008 4560 tum
1030 4515 1122 4560 autem
1146 4509 1235 4572 pietas
1253 4513 1375 4558 creuerat
1391 4511 1540 4574 Principis,
1557 4519 1583 4560 et

948 4573 1109 4620 abundabat
1122 4573 1195 4620 circa
1212 4573 1322 4618 beatmn
1337 4573 1451 4618 Petrum
1467 4585 1582 4622 uenera-

948 4633 1030 4682 tionis
1045 4633 1154 4694 affectu,
1170 4637 1200 4680 ut
1213 4633 1333 4694 quodam
1355 4633 1398 4680 die
1418 4647 1505 4682 manu
1517 4647 1581 4696 pro·

945 4695 1012 4756 pria
1028 4695 1149 4756 Capillos
1160 4707 1221 4742 sitos
1237 4693 1460 4756 apprehenderit,
1473 4699 1500 4742 et
1519 4709 1581 4744 con-

949 4755 1146 4818 templantibus
1160 4753 1276 4812 cunctis,
1289 4769 1317 4802 se
1338 4755 1470 4804 Romanis
1492 4755 1582 4804 Missis

949 4817 1098 4864 tradiderit
1125 4817 1225 4874 dicens,
1261 4817 1358 4868 Omnes
1388 4815 1532 4878 Principes
1557 4825 1582 4866 et

949 4877 1041 4926 cuncti
1067 4877 1212 4938 Principes
1240 4877 1412 4938 titparorum
1439 4883 1517 4926 terrae
1540 4893 1582 4926 co-

947 4945 1082 5002 pnoscant
1097 4939 1130 4986 ab
1145 4939 1275 4986 hodierna
1288 4939 1332 4988 die
1346 4953 1389 4988 me
1401 4951 1510 4988 seruum
1523 4939 1582 4998 fore

945 5007 1007 5060 post
1031 5001 1120 5048 Deum
1139 4999 1210 5048 beati
1234 4999 1311 5048 Petri
1335 5005 1360 5048 et
1386 5001 1447 5062 ejus
1470 4999 1581 5046 Vicarii.

950 5061 1065 5120 Gregor.
1083 5061 1188 5110 Turon.
1211 5059 1245 5108 de
1266 5061 1362 5108 Gloria
1379 5061 1506 5110 Conless
1520 5071 1581 5120 cap.

948 5121 993 5170 22:
1018 5121 1140 5168 Puerum
1164 5119 1224 5170 truic
1249 5121 1413 5168 Monosterio
1430 5119 1583 5170 tturniliatis

950 5181 1064 5242 Capillis
1080 5181 1217 5230 cessimus.
1239 5181 1302 5230 Lib.
1326 5183 1349 5232 2.
1378 5183 1411 5232 de
1432 5183 1530 5230 Mirac.
1555 5181 1581 5230 S.

950 5241 1068 5290 biartini
1084 5255 1146 5302 cap.
1157 5245 1185 5290 4:
1197 5241 1305 5300 Dicens,
1319 5243 1342 5290 si
1352 5257 1414 5290 elain
1429 5241 1582 5290 reddideris

950 5301 1076 5370 sanitati,
1086 5303 1209 5364 piissime
1223 5305 1329 5354 Domne
1343 5303 1473 5360 Martiae,
1488 5301 1519 5350 in
1535 5301 1582 5350 illa

950 5361 995 5408 die
1014 5363 1153 5410 absolutus
1175 5377 1192 5410 a
1213 5365 1267 5412 trrei
1287 5365 1393 5412 seruitii
1412 5363 1526 5418 uinculo,
1542 5363 1582 5410 in-

950 5421 1013 5468 cisis
1032 5423 1147 5482 Capittts
1167 5431 1214 5472 tuo
1230 5425 1339 5472 seruitio
1364 5425 1501 5486 detepetur
1514 5423 1582 5472 Fro-

950 5483 1074 5532 doardus
1086 5485 1115 5532 in
1129 5485 1255 5534 Adriano
1266 5487 1320 5534 ΡΡ.

1919 229 1994 294 CAP

1683 391 1782 436 Cordibus
1793 403 1815 432 ac
1827 391 1875 432 tacti
1885 389 1965 444 quidam
1979 391 2064 434 meliora
2074 399 2196 448 sarpiuntur,

1684 447 1711 486 Et
1721 445 1758 486 sub
1769 445 1886 496 Apostollca
1896 445 1964 498 posito
1974 445 2050 486 ditione
2060 447 2141 498 Capillo

1684 499 1736 540 Dant
1746 511 1776 548 se,
1787 497 1914 550 servitiisque
1924 497 1968 550 ejus
1981 499 2024 538 siue
2034 499 2073 540 line
2085 501 2156 542 tideles

1683 553 1733 594 Sese
1743 561 1849 592 mansuros
1859 551 1911 590 rotis
1924 555 2025 592 testantur
2037 553 2124 594 anhelis.

1632 641 1775 700 Quoniam
1800 639 2037 690 Attachiamenta
2058 651 2120 700 cap.
2141 643 2178 688 aid.
2198 643 2208 704 t
2232 645 2267 690 V:

1631 703 1682 750 Est
1706 709 1796 752 aretem
1823 701 1918 750 tertius
1939 701 2036 748 anadus
2059 699 2214 750 natiuitatis
2241 709 2267 750 et

1631 763 1779 826 bondapii:
1808 777 1869 810 clun
1897 761 2001 824 aliquis
2024 763 2091 810 liber
2117 763 2193 812 trama
2216 777 2269 826 pro

1631 825 1752 874 dorninio
1772 825 1902 882 babendo,
1925 825 1965 870 cel
1988 825 2202 872 rrranutenentia
2219 825 2268 872 ali·

1631 887 1711 946 cujus
1733 885 1884 948 attapnatis,
1906 885 1995 934 reddit
2014 883 2133 946 scipsum
2156 885 2199 932 itti
2224 885 2268 934 do-

1631 949 1715 1006 mino,
1738 963 1818 996 sunm
1845 949 1973 998 natiuum
2000 947 2054 994 stre
2079 947 2213 1004 baladam,
2237 947 2269 994 in

1632 1009 1710 1056 curia
1733 1023 1792 1068 sita,
1813 1025 1864 1072 per
1886 1009 1983 1058 Crines
1997 1009 2151 1056 areteriores
2171 1007 2271 1070 capitis

1632 1069 1684 1118 sui.
1705 1071 1748 1132 [itii
1764 1073 1834 1122 Vide
1853 1071 1986 1120 Grimmii
2009 1071 2104 1132 Antio.
2121 1069 2181 1118 lar.
2201 1081 2265 1130 pag.

1631 1129 1686 1180 339.
1701 1133 1807 1194 etita]

1663 1191 1781 1240 Comaru
1796 1205 1861 1244 vero
1872 1193 2011 1264 posituris
2027 1193 2055 1240 et
2066 1191 2093 1238 in
2111 1189 2269 1238 Monachus

1632 1253 1817 1302 attendendis
1841 1255 1927 1316 primi
1953 1253 2125 1314 capillorum
2147 1251 2225 1298 cinni
2254 1261 2270 1298 a

1632 1313 1702 1360 viris
1716 1313 1861 1372 primariis
1884 1317 1935 1364 aut
1951 1317 2026 1364 certe
2042 1313 2144 1360 aulicis
2158 1309 2269 1360 deliba-

1634 1371 1746 1420 bautur.
1762 1373 1887 1422 Faustus
1904 1375 1934 1422 iu
1949 1375 2017 1424 Vita
2032 1375 2058 1422 S.
2076 1371 2168 1420 Mauri
2186 1383 2265 1420 num.

1632 1431 1669 1480 53.
1694 1433 1728 1480 de
1750 1433 1833 1482 Floro
1860 1435 2002 1492 quodam:
2028 1435 2135 1482 Deinde
2156 1431 2269 1480 centens

1632 1497 1698 1540 ante
1725 1501 1931 1540 sacrosanctum
1958 1497 2056 1554 attare,
2083 1495 2213 1542 adstante
2234 1493 2266 1540 Β.

1632 1551 1729 1598 Mauro
1739 1567 1801 1600 cum
1813 1553 1889 1600 orlani
1898 1557 2146 1616 contomplatione...
2155 1555 2270 1616 jubente

1631 1609 1690 1658 oiro
1705 1611 1766 1670 Dei,
1780 1613 1839 1660 Rea
1850 1613 1960 1672 primus
1978 1621 2039 1674 past
2062 1629 2123 1662 erran
2139 1617 2172 1662 de
2186 1615 2268 1662 Coma

1632 1673 1731 1732 capitis
1743 1673 1802 1732 ejus
1816 1673 1941 1728 totondit,
1956 1675 2055 1720 deinde
2068 1675 2224 1736 quicunque
2237 1689 2271 1724 ecc

1631 1733 1809 1792 optimatibus
1824 1733 1916 1780 collat.
1931 1735 2064 1792 ignatius
2080 1737 2226 1784 Diaconos
2239 1737 2269 1786 in

1632 1795 1700 1842 Vita
1722 1795 1749 1842 S.
1768 1793 1922 1854 Nicephori
1945 1795 2022 1840 Patr.
2047 1795 2267 1858 Goirstantinop.

1633 1867 1660 1902 n.
1682 1855 1721 1902 al.
1750 1855 1783 1902 de
1808 1853 1907 1902 eodem
1931 1853 2094 1916 Nicephora
2121 1855 2150 1900 in
2172 1857 2270 1904 ilona-

1632 1915 1719 1964 ohum
1740 1915 1875 1962 attonso:
1902 1913 1953 1962 liat
1973 1913 2004 1962 τὰ
2026 1921 2068 1974 τῆς
2087 1915 2154 1974 ‘repis
2177 1911 2271 1976 ἐκείνης

1632 1981 1739 2038 κεφαλῆς
1756 1971 1922 2036 daordppara
1938 1981 1992 2028 ταῖς
2007 1981 2051 2020 τοῦ
2072 1973 2127 2020 brad
2149 1977 2192 2024 nal
2209 1993 2269 2036 aup-

1632 2035 1752 2090 tarinae
1788 2037 1875 2142 χοῗρὶν
1910 2033 2078 2096 {sandalidum
2111 2041 2193 2102 septbr
2223 2031 2271 2084 ἐδι-

1632 2095 1749 2146 καίωσεν.
1764 2095 1820 2144 llic
1844 2095 1885 2142 ael
1903 2097 1932 2142 et
1946 2093 2123 2152 Theophilus
2134 2103 2163 2140 m
2178 2095 2270 2154 Epist.

1632 2157 1667 2204 ad
1682 2155 1859 2206 Ludovicum
1874 2155 1978 2214 Iinper.
1993 2155 2069 2214 apud
2083 2153 2187 2202 Baron.
2201 2165 2270 2202 ann.

1631 2215 1677 2264 824
1691 2233 1695 2262 :
1708 2215 1766 2264 Atii
1780 2229 1842 2264 aero
1856 2213 2016 2274 relipiostun
2029 2213 2155 2260 habitum
2164 2227 2271 2260 monas-

1632 2275 1717 2324 ticum
1738 2289 1844 2324 siunere
1865 2275 1994 2330 uolentes,
2010 2275 2191 2334 relipiosiores
2205 2287 2271 2336 per-

1632 2349 1714 2382 sonas
1741 2335 1949 2394 postponebant,
1979 2333 2026 2394 qui
2052 2335 2132 2392 prins
2158 2335 2269 2380 Comani

1632 2395 1732 2454 capitis
1745 2407 1838 2442 corum
1851 2395 1987 2452 suscipere
1999 2395 2128 2450 sotebant,
2141 2395 2271 2442 adhibitis

1632 2455 1809 2516 inrapinibus
1826 2453 1905 2516 quasi
1922 2455 1954 2500 in
1977 2455 2070 2500 sinum
2082 2467 2180 2502 earum
2196 2455 2270 2502 deci-

1633 2517 1697 2564 dere
1712 2515 1833 2574 Capillos
1854 2513 1966 2562 illorum
1994 2515 2131 2564 sinebant.
2153 2517 2181 2564 S.
2201 2515 2270 2564 Hie-

1632 2587 1693 2624 ron.
1721 2577 1771 2636 Ep.
1797 2575 1836 2622 48.
1864 2575 1899 2622 ad
1927 2573 2118 2624 Sabinianum
2144 2587 2205 2634 cap.
2234 2575 2268 2622 3:

1632 2635 1763 2682 Morisest
1772 2633 1803 2680 in
1813 2635 1927 2694 AEpppti
1941 2639 1965 2682 et
1982 2633 2070 2692 Syriae
2082 2635 2268 2692 Monosteriis,

1631 2703 1662 2744 ut
1685 2699 1743 2742 tam
1766 2695 1841 2758 oirpo
1862 2707 1946 2754 qaam
1964 2695 2058 2750 uidua,
2084 2707 2143 2754 noae
2166 2707 2193 2742 se
2215 2695 2271 2742 Deo

1632 2757 1761 2814 adfuerint,
1785 2761 1811 2804 et
1831 2755 1929 2802 saeculo
1952 2755 2156 2812 renunciantes,
2177 2769 2271 2802 ornnes

1633 2817 1745 2864 delicias
1760 2815 1850 2864 saculi
1874 2815 2070 2878 conculcarint,
2088 2815 2198 2864 Crinern
2213 2817 2271 2864 Mo-

1632 2877 1817 2926 nasteriorum
1840 2875 1976 2924 Matribas
2000 2875 2116 2938 afferant
2144 2877 2270 2924 desecan-

1633 2939 1707 2992 dum,
1725 2951 1781 2984 non
1806 2937 1904 2984 intecto
1925 2943 2019 2998 postea
2039 2943 2135 2984 contra
2147 2937 2271 2996 Apostoli

1631 2999 1800 3046 uoluntatem
1823 2995 1968 3044 incessurae
1992 2997 2091 3058 capite,
2116 2999 2163 3046 sect
2185 2999 2270 3060 lipato

1631 3057 1737 3118 pariter
1749 3063 1774 3104 et
1788 3057 1884 3104 celato.

1662 3119 1727 3166 Peri
1742 3119 1836 3166 Usula
1852 3117 1974 3168 Cernen
1987 3117 2021 3166 cte
2037 3115 2152 3178 Capittts
2173 3117 2270 3178 offerre

1632 3191 1659 3224 sc
1678 3177 1842 3224 Monastcrio
1862 3177 2034 3228 dicebantur
2050 3179 2127 3234 laici,
2141 3179 2190 3238 qui
2206 3189 2270 3226 mo-

1632 3239 1761 3286 nachtcae
1776 3239 1911 3286 Societati
1928 3249 1990 3286 sese
2006 3237 2218 3298 adscribebant,
2237 3241 2269 3286 ut

1632 3299 1712 3346 illius
1741 3297 1947 3346 beneficiorum
1978 3301 2136 3358 participes
2159 3301 2268 3346 essent.

1632 3357 1739 3406 Charta
1752 3357 1886 3406 Pandulti
1903 3359 2048 3420 Principis
2072 3361 2106 3406 de
2123 3357 2227 3408 Consta
2241 3359 2270 3406 et

1632 3417 1666 3466 de
1694 3419 1822 3478 Rapolla,
1850 3419 1984 3478 Magistri
2013 3421 2042 3466 et
2071 3419 2269 3466 Dominatoris

1632 3477 1723 3526 totius
1752 3481 1833 3526 terrae
1856 3479 1890 3526 de
1912 3479 2091 3540 Principatu,
2115 3491 2182 3526 ann.
2205 3477 2268 3526 697:

1633 3537 1735 3586 Statim
1748 3539 1875 3586 dominus
1889 3539 1981 3586 Abbas
1993 3541 2165 3600 conprepaoit
2177 3551 2269 3588 ornnes

1631 3599 1734 3658 fratres
1748 3599 1825 3648 intus
1842 3601 1872 3646 in
1892 3601 2016 3648 Ecclesia
2031 3601 2061 3648 S.
2077 3601 2226 3658 Michaelis,
2243 3603 2270 3648 et

1631 3665 1737 3708 stantes
1757 3673 1848 3706 coram
1871 3661 1969 3718 altare,
1988 3667 2153 3722 receperant
2172 3673 2214 3708 me
2231 3661 2269 3708 aot

1632 3733 1710 3768 suam
1733 3721 1893 3780 orationem,
1919 3727 1945 3770 et
1970 3721 2142 3782 scripserunt
2169 3733 2268 3768 ttamen

1631 3793 1723 3828 meum
1744 3787 1769 3828 et
1784 3781 1907 3830 omnium
1921 3789 2073 3842 parentam
2096 3793 2218 3828 meorum
2237 3781 2268 3826 in

1633 3841 1710 3898 libro,
1725 3841 1800 3890 etsie
1814 3843 1845 3888 in
1857 3843 1952 3890 eadem
1966 3845 2033 3892 bora
2045 3855 2091 3902 epo
2105 3841 2268 3890 discalceari

1631 3903 1713 3962 pedes
1725 3917 1805 3960 meos,
1819 3907 1843 3950 et
1856 3905 1893 3952 aot
1906 3909 2032 3950 sarectmn
2044 3905 2133 3952 altare
2144 3901 2265 3962 ascendi,

1632 3967 1658 4012 et
1669 3977 1718 4024 per
1732 3977 1820 4010 renum
1837 3963 1948 4012 Crt'ncm
1961 3965 1995 4012 de
2009 3963 2117 4024 capillis
2136 3963 2202 4010 meis
2224 3963 2266 4010 ob·

1632 4025 1685 4072 tuli
1697 4037 1739 4072 me
1752 4025 1876 4082 Domino,
1891 4031 1939 4072 etc.

1661 4085 1678 4118 i·
1691 4085 1816 4136 (inerter
1828 4085 1962 4132 oblatione
1978 4083 2063 4130 alicui
2084 4095 2112 4130 se
2131 4095 2269 4130 cottonem

1632 4145 1709 4204 darre,
1725 4145 1755 4192 in
1777 4147 1843 4194 Vita
1868 4147 1893 4194 S.
1912 4145 2036 4192 Germer.
2060 4145 2129 4192 torn.
2150 4145 2174 4192 3.
2198 4145 2268 4194 Maii

1631 4217 1698 4266 pag.
1713 4207 1767 4254 593.
1784 4207 1837 4254 cal.
1854 4207 1884 4254 1:
1904 4203 1981 4252 Dicit
1997 4217 2045 4248 ren
2059 4203 2268 4266 (Chlodovaeus)

1632 4265 1893 4314 circumstantibus:
1908 4263 1985 4320 Quod
1999 4277 2041 4312 nte
2053 4263 2150 4312 ridetis
2163 4267 2266 4326 facere,

1631 4329 1724 4388 facite.
1742 4327 1777 4376 Et
1792 4325 1902 4374 accessit
1914 4331 1941 4374 et
1957 4325 2157 4372 commendauit
2174 4339 2201 4374 se
2216 4327 2267 4374 Ca·

1631 4387 1700 4448 pitto
1714 4387 1812 4450 capitis
1826 4387 1869 4434 sui
1883 4385 1911 4432 S.
1928 4385 2086 4434 Germerio:
2101 4393 2127 4434 et
2139 4387 2265 4436 similiter

1632 4463 1725 4498 oontes
1736 4451 1829 4510 fecere.
1846 4447 1884 4494 Et
1899 4447 2037 4494 osculatus
2051 4451 2088 4496 cst
2105 4463 2167 4496 euin
2181 4461 2229 4496 res
2241 4455 2267 4498 et

1632 4509 1772 4558 uatedintt.

1663 4573 1866 4638 Paarropusu
1889 4567 2015 4618 bariani
2040 4569 2082 4616 snt
2106 4569 2263 4630 insipiam

1632 4631 1800 4690 captiuitatis
1821 4641 1876 4674 sum
1898 4629 1980 4678 eald.
1996 4631 2066 4688 eegr
2081 4633 2193 4680 Hieros.
2211 4633 2265 4680 rni-

1632 4693 1704 4742 sisse
1733 4691 1932 4738 eadmundum
1967 4691 2098 4740 scribunt
2130 4691 2263 4742 hibertus

1632 4757 1683 4814 Aa.
1699 4751 1748 4800 lib.
1761 4751 1782 4798 7.
1799 4761 1860 4812 cap.
1874 4753 1912 4800 29.
1932 4753 1960 4800 et
1976 4753 2076 4802 auctor
2102 4753 2176 4804 Hist.
2199 4753 2264 4804 Hie-

1632 4813 1715 4864 rosol.
1733 4825 1799 4882 aun.
1817 4811 1886 4862 1100.
1907 4825 1974 4876 pag.
1990 4813 2043 4862 596.
2063 4815 2106 4864 vel
2122 4817 2196 4874 quod
2218 4827 2265 4876 po-

1632 4875 1699 4924 sitio
1712 4873 1809 4934 capilli
1823 4875 1941 4934 sianum
1952 4875 2040 4924 tuerit
2052 4877 2208 4934 servitutis
2219 4877 2262 4926 vel

1632 4935 1706 4994 quod
1733 4935 1773 4984 ita
1793 4937 1883 4994 sperit
1909 4947 1998 4984 causa
2024 4937 2089 4984 lidei
2115 4937 2262 4986 iacienda.

1631 4993 1817 5044 Hildebertus
1839 4997 1994 5046 Cenomeu.
2015 4999 2145 5058 Episcop.
2171 4999 2262 5056 Epist.

1631 5057 1680 5104 39:
1706 5055 1745 5104 ac
1765 5071 1801 5104 ne
1817 5057 1986 5106 sinialatorie
2009 5059 2084 5118 toperi
2108 5063 2264 5118 putaretur,

1631 5115 1762 5164 abscissos
1774 5119 1807 5166 ale
1820 5119 1908 5182 capite
1923 5133 1971 5166 suo
1983 5119 2103 5180 Capillos
2114 5119 2198 5166 matri
2208 5131 2263 5164 suae

1632 5179 1797 5228 transmisit.
1826 5181 1912 5230 Gesta
1943 5181 2055 5238 Regum
2088 5181 2262 5228 Francorum

1632 5251 1694 5302 cap.
1722 5243 1767 5290 41:
1795 5243 1881 5304 Perpe
1906 5239 2033 5290 velociter
2062 5241 2179 5300 festinus
2201 5253 2262 5284 cum

1633 5301 1716 5352 Crine
1730 5303 1828 5364 capitis
1840 5305 1893 5350 arrei
1904 5317 1979 5350 rtrtnc
1991 5303 2028 5350 ad
2042 5311 2149 5362 patrem
2164 5311 2263 5358 arreum,

1631 5369 1663 5410 ut
1689 5371 1833 5412 succurrat
1858 5365 1942 5422 nohis,
1968 5367 2119 5426 antequam
2147 5363 2260 5408 cerastas

1632 5425 1894 5474 esarstrusconaat.
2150 5483 2154 5492 Ι
2226 5479 2231 5490 .

1664 5487 1864 5538 diaretorum
1880 5487 2034 5542 Tonruan,
2050 5495 2098 5532 seu
2117 5481 2260 5542 crispatro,

2205 235 2269 300 tal·
