<?xml version="1.0" encoding="UTF-8"?>
<!DOCTYPE html PUBLIC "-//W3C//DTD XHTML 1.0 Transitional//EN"
    "http://www.w3.org/TR/xhtml1/DTD/xhtml1-transitional.dtd">
<html xmlns="http://www.w3.org/1999/xhtml" xml:lang="en" lang="en">
 <head>
  <title>
</title>
<meta http-equiv="Content-Type" content="text/html;charset=utf-8" />
  <meta name='ocr-system' content='tesseract 3.04.00' />
  <meta name='ocr-capabilities' content='ocr_page ocr_carea ocr_par ocr_line ocrx_word'/>
</head>
<body>
  <div class='ocr_page' id='page_1' title='image "./glossariummedia01adelgoog/glossariummedia01adelgoog_0218.png"; bbox 0 0 5076 6258; ppageno 0'>
   <div class='ocr_carea' id='block_1_1' title="bbox 533 191 608 262">
    <p class='ocr_par' dir='ltr' id='par_1_1' title="bbox 533 191 608 262">
     <span class='ocr_line' id='line_1_1' title="bbox 533 191 608 262; baseline -0.027 0"><span class='ocrx_word' id='word_1_1' title='bbox 533 191 608 262; x_wconf 79' lang='lat' dir='ltr'><em>CltS</em></span> 
     </span>
    </p>
   </div>
   <div class='ocr_carea' id='block_1_2' title="bbox 251 361 881 912">
    <p class='ocr_par' dir='ltr' id='par_1_2' title="bbox 254 361 879 424">
     <span class='ocr_line' id='line_1_2' title="bbox 254 361 879 424; baseline 0 -6"><span class='ocrx_word' id='word_1_2' title='bbox 254 363 398 424; x_wconf 83' lang='lat' dir='ltr'><em>Canoentui</em></span> <span class='ocrx_word' id='word_1_3' title='bbox 419 361 591 424; x_wconf 82' lang='lat' dir='ltr'><em>ministrare,</em></span> <span class='ocrx_word' id='word_1_4' title='bbox 612 365 738 416; x_wconf 84' lang='lat' dir='ltr'><em>videlicet</em></span> <span class='ocrx_word' id='word_1_5' title='bbox 779 367 879 420; x_wconf 82' lang='lat' dir='ltr'><em>ualibet</em></span> 
     </span>
    </p>

    <p class='ocr_par' dir='ltr' id='par_1_3' title="bbox 252 487 877 558">
     <span class='ocr_line' id='line_1_3' title="bbox 252 487 877 558; baseline 0 -18"><span class='ocrx_word' id='word_1_6' title='bbox 252 495 291 548; x_wconf 83' lang='lat' dir='ltr'><em>rel</em></span> <span class='ocrx_word' id='word_1_7' title='bbox 326 491 380 544; x_wconf 89' lang='lat' dir='ltr'><em>ouis</em></span> <span class='ocrx_word' id='word_1_8' title='bbox 401 487 551 558; x_wconf 72' lang='lat' dir='ltr'><em>secuudum</em></span> <span class='ocrx_word' id='word_1_9' title='bbox 569 493 701 550; x_wconf 82' lang='lat' dir='ltr'><em>ternpore.</em></span> <span class='ocrx_word' id='word_1_10' title='bbox 720 493 756 538; x_wconf 88' lang='lat' dir='ltr'><em>Et</em></span> <span class='ocrx_word' id='word_1_11' title='bbox 779 493 877 542; x_wconf 86' lang='lat' dir='ltr'><em>inira:</em></span> 
     </span>
    </p>

    <p class='ocr_par' dir='ltr' id='par_1_4' title="bbox 257 549 879 620">
     <span class='ocr_line' id='line_1_4' title="bbox 257 549 879 620; baseline 0.003 -20"><span class='ocrx_word' id='word_1_12' title='bbox 257 555 316 612; x_wconf 78' lang='lat' dir='ltr'><em>Tres</em></span> <span class='ocrx_word' id='word_1_13' title='bbox 326 551 420 616; x_wconf 77' lang='lat' dir='ltr'><em>pecias</em></span> <span class='ocrx_word' id='word_1_14' title='bbox 429 565 470 620; x_wconf 38' lang='lat' dir='ltr'><em>&#39;itt</em></span> <span class='ocrx_word' id='word_1_15' title='bbox 484 549 602 612; x_wconf 82' lang='lat' dir='ltr'><em>quolibet</em></span> <span class='ocrx_word' id='word_1_16' title='bbox 616 551 719 610; x_wconf 72' lang='lat' dir='ltr'><em>fercula</em></span> <span class='ocrx_word' id='word_1_17' title='bbox 733 553 767 600; x_wconf 87' lang='lat' dir='ltr'><em>cle</em></span> <span class='ocrx_word' id='word_1_18' title='bbox 790 559 879 602; x_wconf 92' lang='lat' dir='ltr'><em>assuta</em></span> 
     </span>
    </p>

    <p class='ocr_par' dir='ltr' id='par_1_5' title="bbox 251 611 880 680">
     <span class='ocr_line' id='line_1_5' title="bbox 251 611 880 680; baseline 0.005 -20"><span class='ocrx_word' id='word_1_19' title='bbox 251 631 300 680; x_wconf 80' lang='lat' dir='ltr'><em>pro</em></span> <span class='ocrx_word' id='word_1_20' title='bbox 318 615 463 680; x_wconf 78' lang='lat' dir='ltr'><em>pietantia,</em></span> <span class='ocrx_word' id='word_1_21' title='bbox 479 613 603 676; x_wconf 83' lang='lat' dir='ltr'><em>uidelicet</em></span> <span class='ocrx_word' id='word_1_22' title='bbox 623 611 657 662; x_wconf 85' lang='lat' dir='ltr'><em>de</em></span> <span class='ocrx_word' id='word_1_23' title='bbox 681 613 831 672; x_wconf 89' lang='lat' dir='ltr'><em>anseribus,</em></span> <span class='ocrx_word' id='word_1_24' title='bbox 848 615 880 664; x_wconf 85' lang='lat' dir='ltr'><em>de</em></span> 
     </span>
    </p>

    <p class='ocr_par' dir='ltr' id='par_1_6' title="bbox 254 673 880 850">
     <span class='ocr_line' id='line_1_6' title="bbox 254 673 880 734; baseline -0.003 -8"><span class='ocrx_word' id='word_1_25' title='bbox 254 677 384 732; x_wconf 82' lang='lat' dir='ltr'><em>Casiraia,</em></span> <span class='ocrx_word' id='word_1_26' title='bbox 414 673 447 722; x_wconf 87' lang='lat' dir='ltr'><em>de</em></span> <span class='ocrx_word' id='word_1_27' title='bbox 484 673 641 734; x_wconf 83' lang='lat' dir='ltr'><em>cupanibus,</em></span> <span class='ocrx_word' id='word_1_28' title='bbox 671 677 720 722; x_wconf 89' lang='lat' dir='ltr'><em>etc.</em></span> <span class='ocrx_word' id='word_1_29' title='bbox 749 675 880 724; x_wconf 82' lang='lat' dir='ltr'>Occurrit</span> 
     </span>
     <span class='ocr_line' id='line_1_7' title="bbox 272 733 879 796; baseline -0.003 -10"><span class='ocrx_word' id='word_1_30' title='bbox 272 741 384 790; x_wconf 81' lang='lat' dir='ltr'><em>raterea</em></span> <span class='ocrx_word' id='word_1_31' title='bbox 398 737 426 784; x_wconf 87' lang='lat' dir='ltr'><em>iu</em></span> <span class='ocrx_word' id='word_1_32' title='bbox 441 733 582 784; x_wconf 86' lang='lat' dir='ltr'><em>Chronico</em></span> <span class='ocrx_word' id='word_1_33' title='bbox 597 733 692 784; x_wconf 84' lang='lat' dir='ltr'><em>Fossae</em></span> <span class='ocrx_word' id='word_1_34' title='bbox 704 747 793 794; x_wconf 82' lang='lat' dir='ltr'><em>novae,</em></span> <span class='ocrx_word' id='word_1_35' title='bbox 803 737 879 796; x_wconf 87' lang='lat' dir='ltr'><em>apud</em></span> 
     </span>
     <span class='ocr_line' id='line_1_8' title="bbox 285 793 645 850; baseline -0.017 0"><span class='ocrx_word' id='word_1_36' title='bbox 285 801 385 850; x_wconf 86' lang='lat' dir='ltr'><em>orator.</em></span> <span class='ocrx_word' id='word_1_37' title='bbox 402 799 471 844; x_wconf 88' lang='lat' dir='ltr'><em>tom.</em></span> <span class='ocrx_word' id='word_1_38' title='bbox 486 795 509 844; x_wconf 82' lang='lat'><em>7.</em></span> <span class='ocrx_word' id='word_1_39' title='bbox 524 793 576 844; x_wconf 89' lang='lat' dir='ltr'><em>col.</em></span> <span class='ocrx_word' id='word_1_40' title='bbox 590 793 645 844; x_wconf 95' lang='grc'><strong>882.</strong></span> 
     </span>
    </p>

    <p class='ocr_par' dir='ltr' id='par_1_7' title="bbox 267 853 881 912">
     <span class='ocr_line' id='line_1_9' title="bbox 267 853 881 912; baseline -0.003 -8"><span class='ocrx_word' id='word_1_41' title='bbox 267 857 370 912; x_wconf 78' lang='grc' dir='ltr'><strong>,8Ιῖθ1</strong></span> <span class='ocrx_word' id='word_1_42' title='bbox 399 857 533 912; x_wconf 87' lang='lat' dir='ltr'><em>Casiraio,</em></span> <span class='ocrx_word' id='word_1_43' title='bbox 558 853 632 904; x_wconf 84' lang='lat' dir='ltr'>Gall.</span> <span class='ocrx_word' id='word_1_44' title='bbox 655 855 773 904; x_wconf 91' lang='lat' dir='ltr'><em>Cusirut.</em></span> <span class='ocrx_word' id='word_1_45' title='bbox 796 853 881 904; x_wconf 87' lang='lat' dir='ltr'><em>Bulla</em></span> 
     </span>
    </p>
   </div>
   <div class='ocr_carea' id='block_1_3' title="bbox 255 909 893 1024">
    <p class='ocr_par' dir='ltr' id='par_1_8' title="bbox 255 909 893 1024">
     <span class='ocr_line' id='line_1_10' title="bbox 255 909 893 1024; baseline -0.009 -56"><span class='ocrx_word' id='word_1_46' title='bbox 255 909 583 978; x_wconf 60' lang='lat' dir='ltr'><em>segontiensis.</em></span> <span class='ocrx_word' id='word_1_47' title='bbox 604 917 672 966; x_wconf 79' lang='lat'><em>1230.</em></span> <span class='ocrx_word' id='word_1_48' title='bbox 694 917 771 1024; x_wconf 66' lang='lat' dir='ltr'><em>aum</em></span> <span class='ocrx_word' id='word_1_49' title='bbox 783 915 893 964; x_wconf 37' lang='lat' dir='ltr'><em>itura-¹</em></span> 
     </span>
    </p>
   </div>
   <div class='ocr_carea' id='block_1_4' title="bbox 255 973 886 2104">
    <p class='ocr_par' dir='ltr' id='par_1_9' title="bbox 255 973 884 1528">
     <span class='ocr_line' id='line_1_11' title="bbox 256 973 880 1036; baseline -0.014 -7"><span class='ocrx_word' id='word_1_50' title='bbox 256 979 388 1036; x_wconf 69' lang='lat' dir='ltr'><em>taniam.</em></span> <span class='ocrx_word' id='word_1_51' title='bbox 403 977 427 1024; x_wconf 81' lang='grc'><strong>2.</strong></span> <span class='ocrx_word' id='word_1_52' title='bbox 449 977 544 1034; x_wconf 85' lang='lat' dir='ltr'><em>Antiq.</em></span> <span class='ocrx_word' id='word_1_53' title='bbox 569 977 636 1024; x_wconf 88' lang='lat' dir='ltr'><em>Ital.</em></span> <span class='ocrx_word' id='word_1_54' title='bbox 659 989 703 1024; x_wconf 91' lang='lat' dir='ltr'><em>me</em></span> <span class='ocrx_word' id='word_1_55' title='bbox 727 1009 732 1024; x_wconf 84' lang='lat'><em>.</em></span> <span class='ocrx_word' id='word_1_56' title='bbox 758 973 808 1022; x_wconf 86' lang='lat' dir='ltr'><em>aevi</em></span> <span class='ocrx_word' id='word_1_57' title='bbox 828 973 880 1022; x_wconf 93' lang='lat' dir='ltr'><em>col.</em></span> 
     </span>
     <span class='ocr_line' id='line_1_12' title="bbox 255 1033 881 1096; baseline -0.011 -10"><span class='ocrx_word' id='word_1_58' title='bbox 255 1039 299 1088; x_wconf 82' lang='lat'><em>35:</em></span> <span class='ocrx_word' id='word_1_59' title='bbox 311 1037 378 1086; x_wconf 85' lang='lat' dir='ltr'><em>Item</em></span> <span class='ocrx_word' id='word_1_60' title='bbox 392 1037 457 1084; x_wconf 90' lang='lat' dir='ltr'><em>oiim</em></span> <span class='ocrx_word' id='word_1_61' title='bbox 470 1035 581 1096; x_wconf 78' lang='lat' dir='ltr'><em>quanda</em></span> <span class='ocrx_word' id='word_1_62' title='bbox 596 1035 674 1084; x_wconf 84' lang='lat' dir='ltr'><em>curia</em></span> <span class='ocrx_word' id='word_1_63' title='bbox 687 1035 745 1082; x_wconf 75' lang='lat' dir='ltr'><em>ibai.</em></span> <span class='ocrx_word' id='word_1_64' title='bbox 758 1033 789 1080; x_wconf 90' lang='lat' dir='ltr'><em>in</em></span> <span class='ocrx_word' id='word_1_65' title='bbox 803 1045 881 1080; x_wconf 81' lang='lat' dir='ltr'><em>ener-</em></span> 
     </span>
     <span class='ocr_line' id='line_1_13' title="bbox 256 1093 882 1156; baseline -0.011 -12"><span class='ocrx_word' id='word_1_66' title='bbox 256 1099 344 1156; x_wconf 87' lang='lat' dir='ltr'><em>citum,</em></span> <span class='ocrx_word' id='word_1_67' title='bbox 358 1095 502 1156; x_wconf 79' lang='lat' dir='ltr'><em>recipiebat</em></span> <span class='ocrx_word' id='word_1_68' title='bbox 528 1095 560 1142; x_wconf 92' lang='lat' dir='ltr'><em>ub</em></span> <span class='ocrx_word' id='word_1_69' title='bbox 585 1095 740 1144; x_wconf 86' lang='lat' dir='ltr'><em>hominibus</em></span> <span class='ocrx_word' id='word_1_70' title='bbox 755 1093 882 1140; x_wconf 86' lang='lat' dir='ltr'><em>Serranis</em></span> 
     </span>
     <span class='ocr_line' id='line_1_14' title="bbox 256 1151 881 1210; baseline -0.01 -6"><span class='ocrx_word' id='word_1_71' title='bbox 256 1171 300 1204; x_wconf 80' lang='lat' dir='ltr'><em>sec</em></span> <span class='ocrx_word' id='word_1_72' title='bbox 311 1157 466 1210; x_wconf 72' lang='lat' dir='ltr'><em>Casiruias,⁴</em></span> <span class='ocrx_word' id='word_1_73' title='bbox 487 1153 534 1202; x_wconf 88' lang='lat' dir='ltr'><em>sed</em></span> <span class='ocrx_word' id='word_1_74' title='bbox 555 1155 633 1202; x_wconf 77' lang='lat' dir='ltr'><em>maria</em></span> <span class='ocrx_word' id='word_1_75' title='bbox 655 1155 734 1202; x_wconf 80' lang='lat' dir='ltr'><em>cur-iu</em></span> <span class='ocrx_word' id='word_1_76' title='bbox 755 1153 832 1198; x_wconf 89' lang='lat' dir='ltr'><em>debet</em></span> <span class='ocrx_word' id='word_1_77' title='bbox 849 1151 881 1198; x_wconf 90' lang='lat' dir='ltr'><em>ab</em></span> 
     </span>
     <span class='ocr_line' id='line_1_15' title="bbox 257 1213 884 1274; baseline -0.01 -10"><span class='ocrx_word' id='word_1_78' title='bbox 257 1215 418 1274; x_wconf 69' lang='lat' dir='ltr'><em>eis&#39;recipere</em></span> <span class='ocrx_word' id='word_1_79' title='bbox 429 1213 578 1272; x_wconf 74' lang='lat' dir='ltr'><strong><em>annuatim</em></strong></span> <span class='ocrx_word' id='word_1_80' title='bbox 593 1227 639 1262; x_wconf 79' lang='lat' dir='ltr'><em>aa.</em></span> <span class='ocrx_word' id='word_1_81' title='bbox 652 1215 699 1260; x_wconf 91' lang='lat' dir='ltr'><em>sal.</em></span> <span class='ocrx_word' id='word_1_82' title='bbox 715 1213 884 1260; x_wconf 85' lang='lat' dir='ltr'><em>Provenien-</em></span> 
     </span>
     <span class='ocr_line' id='line_1_16' title="bbox 255 1273 882 1384; baseline -0.008 0"><span class='ocrx_word' id='word_1_83' title='bbox 255 1273 587 1384; x_wconf 65' lang='lat' dir='ltr'><em>utrtttrutru</em></span> <span class='ocrx_word' id='word_1_84' title='bbox 611 1273 800 1382; x_wconf 53' lang='lat' dir='ltr'><em>iiiiii</em></span> <span class='ocrx_word' id='word_1_85' title='bbox 812 1273 882 1380; x_wconf 73' lang='lat' dir='ltr'><em>1iii·</em></span> 
     </span>
     <span class='ocr_line' id='line_1_17' title="bbox 257 1349 882 1384; baseline -0.008 -1"><span class='ocrx_word' id='word_1_86' title='bbox 257 1349 285 1384; x_wconf 89' lang='lat' dir='ltr'><em>1n</em></span> <span class='ocrx_word' id='word_1_87' title='bbox 455 1371 460 1382; x_wconf 90' lang='lat'><em>.</em></span> <span class='ocrx_word' id='word_1_88' title='bbox 538 1369 543 1380; x_wconf 83' lang='lat'><em>.</em></span> <span class='ocrx_word' id='word_1_89' title='bbox 569 1355 591 1380; x_wconf 49' lang='lat' dir='ltr'><em>s.</em></span> <span class='ocrx_word' id='word_1_90' title='bbox 689 1367 695 1378; x_wconf 96' lang='lat'><em>.</em></span> <span class='ocrx_word' id='word_1_91' title='bbox 803 1371 809 1380; x_wconf 90' lang='lat'><em>.</em></span> <span class='ocrx_word' id='word_1_92' title='bbox 842 1369 843 1372; x_wconf 51' lang='lat'><em>.</em></span> <span class='ocrx_word' id='word_1_93' title='bbox 876 1369 882 1378; x_wconf 99' lang='lat'><em>.</em></span> 
     </span>
     <span class='ocr_line' id='line_1_18' title="bbox 258 1345 884 1452; baseline -0.003 -12"><span class='ocrx_word' id='word_1_94' title='bbox 258 1387 300 1444; x_wconf 73' lang='lat' dir='ltr'><em>tna</em></span> <span class='ocrx_word' id='word_1_95' title='bbox 313 1409 319 1440; x_wconf 91' lang='lat'><strong>:</strong></span> <span class='ocrx_word' id='word_1_96' title='bbox 332 1345 387 1438; x_wconf 71' lang='lat' dir='ltr'><em>sia</em></span> <span class='ocrx_word' id='word_1_97' title='bbox 398 1407 437 1440; x_wconf 89' lang='lat' dir='ltr'><em>un</em></span> <span class='ocrx_word' id='word_1_98' title='bbox 447 1393 513 1440; x_wconf 91' lang='lat' dir='ltr'><em>benc</em></span> <span class='ocrx_word' id='word_1_99' title='bbox 524 1405 559 1438; x_wconf 89' lang='lat' dir='ltr'><em>au</em></span> <span class='ocrx_word' id='word_1_100' title='bbox 570 1393 689 1452; x_wconf 77' lang='lat' dir='ltr'><em>Caenei,</em></span> <span class='ocrx_word' id='word_1_101' title='bbox 704 1391 801 1452; x_wconf 60' lang='lat' dir='ltr'><em>ipsein.</em></span> <span class='ocrx_word' id='word_1_102' title='bbox 812 1393 884 1440; x_wconf 89' lang='lat' dir='ltr'><em>Vide</em></span> 
     </span>
     <span class='ocr_line' id='line_1_19' title="bbox 259 1453 467 1528; baseline 0 -30"><span class='ocrx_word' id='word_1_103' title='bbox 259 1463 340 1528; x_wconf 70' lang='lat' dir='ltr'><em>supra</em></span> <span class='ocrx_word' id='word_1_104' title='bbox 353 1453 432 1498; x_wconf 89' lang='lat' dir='ltr'><em>Casio</em></span> <span class='ocrx_word' id='word_1_105' title='bbox 443 1453 467 1498; x_wconf 87' lang='grc'><strong>2.</strong></span> 
     </span>
    </p>

    <p class='ocr_par' dir='ltr' id='par_1_10' title="bbox 258 1509 885 1978">
     <span class='ocr_line' id='line_1_20' title="bbox 261 1509 885 1572; baseline 0.006 -18"><span class='ocrx_word' id='word_1_106' title='bbox 261 1537 274 1564; x_wconf 63' lang='lat'><em>42</em></span> <span class='ocrx_word' id='word_1_107' title='bbox 285 1509 524 1570; x_wconf 63' lang='lat' dir='ltr'><em>rCMTRELLVM,</em></span> <span class='ocrx_word' id='word_1_108' title='bbox 539 1523 590 1572; x_wconf 80' lang='lat' dir='ltr'><em>pro</em></span> <span class='ocrx_word' id='word_1_109' title='bbox 606 1511 777 1570; x_wconf 87' lang='lat' dir='ltr'><em>Castrelium,</em></span> <span class='ocrx_word' id='word_1_110' title='bbox 792 1513 885 1560; x_wconf 81' lang='lat' dir='ltr'><em>Pocu-</em></span> 
     </span>
     <span class='ocr_line' id='line_1_21' title="bbox 260 1571 884 1630; baseline 0.003 -12"><span class='ocrx_word' id='word_1_111' title='bbox 260 1573 314 1626; x_wconf 84' lang='lat' dir='ltr'><em>lum</em></span> <span class='ocrx_word' id='word_1_112' title='bbox 334 1573 486 1620; x_wconf 88' lang='lat' dir='ltr'><em>vinarium.</em></span> <span class='ocrx_word' id='word_1_113' title='bbox 513 1571 609 1624; x_wconf 85' lang='lat' dir='ltr'><em>Gualt.</em></span> <span class='ocrx_word' id='word_1_114' title='bbox 632 1571 833 1630; x_wconf 79' lang='lat' dir='ltr'><em>Hemingtord.</em></span> <span class='ocrx_word' id='word_1_115' title='bbox 850 1573 884 1620; x_wconf 89' lang='lat' dir='ltr'><em>de</em></span> 
     </span>
     <span class='ocr_line' id='line_1_22' title="bbox 260 1631 883 1692; baseline 0 -14"><span class='ocrx_word' id='word_1_116' title='bbox 260 1631 327 1690; x_wconf 85' lang='lat' dir='ltr'><em>gest.</em></span> <span class='ocrx_word' id='word_1_117' title='bbox 340 1631 465 1678; x_wconf 87' lang='lat' dir='ltr'><em>Eduardi</em></span> <span class='ocrx_word' id='word_1_118' title='bbox 475 1633 498 1678; x_wconf 91' lang='grc' dir='ltr'><em>Ι.</em></span> <span class='ocrx_word' id='word_1_119' title='bbox 511 1643 570 1692; x_wconf 79' lang='lat' dir='ltr'><em>reg.</em></span> <span class='ocrx_word' id='word_1_120' title='bbox 585 1631 668 1688; x_wconf 76' lang='lat' dir='ltr'><em>engi.</em></span> <span class='ocrx_word' id='word_1_121' title='bbox 684 1633 800 1680; x_wconf 87' lang='lat' dir='ltr'><em>adann.</em></span> <span class='ocrx_word' id='word_1_122' title='bbox 813 1631 883 1678; x_wconf 79' lang='grc'><strong>1281.</strong></span> 
     </span>
     <span class='ocr_line' id='line_1_23' title="bbox 260 1689 884 1754; baseline -0.006 -14"><span class='ocrx_word' id='word_1_123' title='bbox 260 1689 380 1754; x_wconf 62' lang='lat' dir='ltr'><em>panib:</em></span> <span class='ocrx_word' id='word_1_124' title='bbox 397 1689 519 1750; x_wconf 78' lang='lat' dir='ltr'><strong><em>Cumque</em></strong></span> <span class='ocrx_word' id='word_1_125' title='bbox 528 1689 659 1738; x_wconf 88' lang='lat' dir='ltr'><em>haberent</em></span> <span class='ocrx_word' id='word_1_126' title='bbox 668 1689 804 1738; x_wconf 87' lang='lat' dir='ltr'><em>modicum</em></span> <span class='ocrx_word' id='word_1_127' title='bbox 815 1689 884 1750; x_wconf 86' lang='lat' dir='ltr'><em>uini,</em></span> 
     </span>
     <span class='ocr_line' id='line_1_24' title="bbox 260 1747 885 1810; baseline 0.003 -16"><span class='ocrx_word' id='word_1_128' title='bbox 260 1749 303 1806; x_wconf 66' lang='lat' dir='ltr'><em>mu</em></span> <span class='ocrx_word' id='word_1_129' title='bbox 316 1747 405 1796; x_wconf 83' lang='lat' dir='ltr'><em>unius</em></span> <span class='ocrx_word' id='word_1_130' title='bbox 428 1749 533 1810; x_wconf 70' lang='lat' dir='ltr'><em>iuuenes</em></span> <span class='ocrx_word' id='word_1_131' title='bbox 557 1749 729 1806; x_wconf 89' lang='lat' dir='ltr'><em>Cusireilum,</em></span> <span class='ocrx_word' id='word_1_132' title='bbox 746 1749 818 1810; x_wconf 84' lang='lat' dir='ltr'><em>quad</em></span> <span class='ocrx_word' id='word_1_133' title='bbox 834 1763 885 1810; x_wconf 78' lang='lat' dir='ltr'><em>pro</em></span> 
     </span>
     <span class='ocr_line' id='line_1_25' title="bbox 260 1809 884 1864; baseline 0.003 -8"><span class='ocrx_word' id='word_1_134' title='bbox 260 1825 275 1862; x_wconf 78' lang='lat' dir='ltr'><em>r.</em></span> <span class='ocrx_word' id='word_1_135' title='bbox 292 1819 316 1856; x_wconf 70' lang='lat' dir='ltr'><em>&#39;a</em></span> <span class='ocrx_word' id='word_1_136' title='bbox 338 1809 441 1864; x_wconf 80' lang='lat' dir='ltr'><em>salvare</em></span> <span class='ocrx_word' id='word_1_137' title='bbox 464 1809 650 1858; x_wconf 84' lang='lat' dir='ltr'><em>decreverunt.</em></span> <span class='ocrx_word' id='word_1_138' title='bbox 663 1811 737 1860; x_wconf 83' lang='lat' dir='ltr'><em>Vide</em></span> <span class='ocrx_word' id='word_1_139' title='bbox 751 1809 884 1860; x_wconf 86' lang='lat' dir='ltr'><em>Cosireiii.</em></span> 
     </span>
     <span class='ocr_line' id='line_1_26' title="bbox 258 1821 885 1978; baseline 0.003 -62"><span class='ocrx_word' id='word_1_140' title='bbox 258 1821 303 1978; x_wconf 59' lang='lat' dir='ltr'><em>,gi</em></span> <span class='ocrx_word' id='word_1_141' title='bbox 311 1867 506 1972; x_wconf 68' lang='lat' dir='ltr'><em>uestrarum,</em></span> <span class='ocrx_word' id='word_1_142' title='bbox 522 1869 723 1920; x_wconf 78' lang='lat' dir='ltr'><em>Css&#39;rnrsnus.</em></span> <span class='ocrx_word' id='word_1_143' title='bbox 736 1871 807 1920; x_wconf 83' lang='lat' dir='ltr'>Vide</span> <span class='ocrx_word' id='word_1_144' title='bbox 819 1873 885 1932; x_wconf 87' lang='lat' dir='ltr'><em>post</em></span> 
     </span>
    </p>

    <p class='ocr_par' dir='ltr' id='par_1_11' title="bbox 285 1941 392 1976">
     <span class='ocr_line' id='line_1_27' title="bbox 285 1941 392 1976; baseline 0 0"><span class='ocrx_word' id='word_1_145' title='bbox 285 1941 392 1976; x_wconf 82' lang='lat' dir='ltr'><em>aerum.</em></span> 
     </span>
    </p>

    <p class='ocr_par' dir='ltr' id='par_1_12' title="bbox 259 1987 886 2104">
     <span class='ocr_line' id='line_1_28' title="bbox 259 1987 885 2044; baseline 0 -6"><span class='ocrx_word' id='word_1_146' title='bbox 259 2025 261 2030; x_wconf 81' lang='grc'><strong>.</strong></span> <span class='ocrx_word' id='word_1_147' title='bbox 277 1987 485 2044; x_wconf 67' lang='grc' dir='ltr'><em>ιςῦήδΤΒΙΑΤΙΙΒ.</em></span> <span class='ocrx_word' id='word_1_148' title='bbox 501 1989 673 2038; x_wconf 74' lang='lat' dir='ltr'>Anastasius</span> <span class='ocrx_word' id='word_1_149' title='bbox 696 1991 729 2038; x_wconf 89' lang='lat' dir='ltr'><em>in</em></span> <span class='ocrx_word' id='word_1_150' title='bbox 742 1991 769 2038; x_wconf 88' lang='lat' dir='ltr'><em>S.</em></span> <span class='ocrx_word' id='word_1_151' title='bbox 785 1989 885 2038; x_wconf 81' lang='lat' dir='ltr'>Hilaro</span> 
     </span>
     <span class='ocr_line' id='line_1_29' title="bbox 264 2047 886 2104; baseline 0.002 -6"><span class='ocrx_word' id='word_1_152' title='bbox 264 2049 321 2104; x_wconf 67' lang='lat' dir='ltr'><em>PPc</em></span> <span class='ocrx_word' id='word_1_153' title='bbox 329 2047 413 2096; x_wconf 87' lang='lat' dir='ltr'><em>Lucus</em></span> <span class='ocrx_word' id='word_1_154' title='bbox 425 2053 451 2098; x_wconf 91' lang='lat' dir='ltr'><em>et</em></span> <span class='ocrx_word' id='word_1_155' title='bbox 465 2049 579 2096; x_wconf 78' lang='lat' dir='ltr'><em>conchas</em></span> <span class='ocrx_word' id='word_1_156' title='bbox 589 2049 708 2098; x_wconf 87' lang='lat' dir='ltr'><em>triuuius</em></span> <span class='ocrx_word' id='word_1_157' title='bbox 719 2065 780 2098; x_wconf 89' lang='lat' dir='ltr'><em>cum</em></span> <span class='ocrx_word' id='word_1_158' title='bbox 788 2051 886 2098; x_wconf 89' lang='lat' dir='ltr'><em>cotum·</em></span> 
     </span>
    </p>
   </div>
   <div class='ocr_carea' id='block_1_5' title="bbox 258 2107 905 2172">
    <p class='ocr_par' dir='ltr' id='par_1_13' title="bbox 258 2107 905 2172">
     <span class='ocr_line' id='line_1_30' title="bbox 258 2107 905 2172; baseline 0.017 -20"><span class='ocrx_word' id='word_1_159' title='bbox 258 2111 308 2166; x_wconf 32' lang='lat' dir='ltr'><em>,uis</em></span> <span class='ocrx_word' id='word_1_160' title='bbox 317 2107 513 2170; x_wconf 69' lang='lat' dir='ltr'><em>porphyreticis</em></span> <span class='ocrx_word' id='word_1_161' title='bbox 533 2107 659 2172; x_wconf 75' lang='lat' dir='ltr'><em>rapiatis,</em></span> <span class='ocrx_word' id='word_1_162' title='bbox 672 2113 784 2158; x_wconf 81' lang='lat' dir='ltr'><em>eic.Alii</em></span> <span class='ocrx_word' id='word_1_163' title='bbox 797 2111 884 2160; x_wconf 83' lang='lat' dir='ltr'><em>codd.</em></span> <span class='ocrx_word' id='word_1_164' title='bbox 904 2161 905 2164; x_wconf 75' lang='grc'>,</span> 
     </span>
    </p>
   </div>
   <div class='ocr_carea' id='block_1_6' title="bbox 255 2167 886 2288">
    <p class='ocr_par' dir='ltr' id='par_1_14' title="bbox 255 2167 886 2288">
     <span class='ocr_line' id='line_1_31' title="bbox 255 2167 886 2232; baseline -0.003 -12"><span class='ocrx_word' id='word_1_165' title='bbox 255 2167 363 2232; x_wconf 75' lang='lat' dir='ltr'><em>babent</em></span> <span class='ocrx_word' id='word_1_166' title='bbox 384 2171 497 2218; x_wconf 78' lang='lat' dir='ltr'><em>cauchas</em></span> <span class='ocrx_word' id='word_1_167' title='bbox 521 2169 667 2228; x_wconf 74' lang='lat' dir='ltr'><em>austriacas</em></span> <span class='ocrx_word' id='word_1_168' title='bbox 680 2177 690 2218; x_wconf 77' lang='grc'><em>.·’</em></span> <span class='ocrx_word' id='word_1_169' title='bbox 707 2173 756 2218; x_wconf 88' lang='lat' dir='ltr'><em>sed</em></span> <span class='ocrx_word' id='word_1_170' title='bbox 774 2171 886 2220; x_wconf 89' lang='lat' dir='ltr'><em>videtur</em></span> 
     </span>
     <span class='ocr_line' id='line_1_32' title="bbox 259 2227 541 2288; baseline -0.014 -10"><span class='ocrx_word' id='word_1_171' title='bbox 259 2227 407 2288; x_wconf 75' lang='lat' dir='ltr'><em>lesendam</em></span> <span class='ocrx_word' id='word_1_172' title='bbox 418 2229 541 2276; x_wconf 83' lang='lat' dir='ltr'><em>striatas.</em></span> 
     </span>
    </p>
   </div>
   <div class='ocr_carea' id='block_1_7' title="bbox 264 2341 885 2398">
    <p class='ocr_par' dir='ltr' id='par_1_15' title="bbox 264 2341 885 2398">
     <span class='ocr_line' id='line_1_33' title="bbox 264 2341 885 2398; baseline 0 0"><span class='ocrx_word' id='word_1_173' title='bbox 264 2341 330 2398; x_wconf 80' lang='lat' dir='ltr'><em>irum</em></span> <span class='ocrx_word' id='word_1_174' title='bbox 346 2365 350 2398; x_wconf 90' lang='grc'>;</span> <span class='ocrx_word' id='word_1_175' title='bbox 366 2345 475 2398; x_wconf 80' lang='lat' dir='ltr'><em>&#39;Verum</em></span> <span class='ocrx_word' id='word_1_176' title='bbox 490 2351 588 2398; x_wconf 88' lang='lat' dir='ltr'><em>tamen</em></span> <span class='ocrx_word' id='word_1_177' title='bbox 613 2349 767 2398; x_wconf 80' lang='lat' dir='ltr'><em>Casiricola</em></span> <span class='ocrx_word' id='word_1_178' title='bbox 791 2361 820 2398; x_wconf 88' lang='lat' dir='ltr'><em>se</em></span> <span class='ocrx_word' id='word_1_179' title='bbox 842 2351 885 2398; x_wconf 91' lang='lat' dir='ltr'><em>de·</em></span> 
     </span>
    </p>
   </div>
   <div class='ocr_carea' id='block_1_8' title="bbox 251 2409 900 2470">
    <p class='ocr_par' dir='ltr' id='par_1_16' title="bbox 251 2409 900 2470">
     <span class='ocr_line' id='line_1_34' title="bbox 251 2409 900 2470; baseline -0.006 -8"><span class='ocrx_word' id='word_1_180' title='bbox 251 2409 378 2468; x_wconf 59' lang='lat' dir='ltr'><em>,tendunt</em></span> <span class='ocrx_word' id='word_1_181' title='bbox 401 2411 547 2466; x_wconf 79' lang='lat' dir='ltr'><em>acerrime,</em></span> <span class='ocrx_word' id='word_1_182' title='bbox 570 2411 654 2458; x_wconf 90' lang='lat' dir='ltr'><em>illum</em></span> <span class='ocrx_word' id='word_1_183' title='bbox 669 2411 722 2458; x_wconf 89' lang='lat' dir='ltr'><em>Dei</em></span> <span class='ocrx_word' id='word_1_184' title='bbox 735 2411 900 2470; x_wconf 50' lang='lat' dir='ltr'><em>juvamine¹</em></span> 
     </span>
    </p>
   </div>
   <div class='ocr_carea' id='block_1_9' title="bbox 220 2471 890 4870">
    <p class='ocr_par' dir='ltr' id='par_1_17' title="bbox 220 2471 890 4870">
     <span class='ocr_line' id='line_1_35' title="bbox 254 2471 887 2532; baseline 0 -14"><span class='ocrx_word' id='word_1_185' title='bbox 254 2471 456 2530; x_wconf 63' lang='lat' dir='ltr'><em>,compellentes</em></span> <span class='ocrx_word' id='word_1_186' title='bbox 480 2471 619 2520; x_wconf 80' lang='lat' dir='ltr'><em>recedere.</em></span> <span class='ocrx_word' id='word_1_187' title='bbox 644 2471 748 2532; x_wconf 82' lang='lat' dir='ltr'><em>(Gesta</em></span> <span class='ocrx_word' id='word_1_188' title='bbox 774 2471 887 2530; x_wconf 88' lang='lat' dir='ltr'><em>pontifi·</em></span> 
     </span>
     <span class='ocr_line' id='line_1_36' title="bbox 263 2533 887 2592; baseline -0.006 -8"><span class='ocrx_word' id='word_1_189' title='bbox 263 2537 324 2584; x_wconf 88' lang='lat' dir='ltr'><em>cum</em></span> <span class='ocrx_word' id='word_1_190' title='bbox 338 2533 589 2588; x_wconf 77' lang='lat' dir='ltr'><em>cameracensium,</em></span> <span class='ocrx_word' id='word_1_191' title='bbox 603 2545 630 2590; x_wconf 91' lang='lat' dir='ltr'><em>p.</em></span> <span class='ocrx_word' id='word_1_192' title='bbox 655 2533 709 2580; x_wconf 84' lang='grc'><strong>190.</strong></span> <span class='ocrx_word' id='word_1_193' title='bbox 731 2533 817 2580; x_wconf 76' lang='lat' dir='ltr'><em>Teste</em></span> <span class='ocrx_word' id='word_1_194' title='bbox 833 2543 887 2592; x_wconf 87' lang='lat' dir='ltr'><em>pu-</em></span> 
     </span>
     <span class='ocr_line' id='line_1_37' title="bbox 250 2589 887 2710; baseline -0.003 -68.003"><span class='ocrx_word' id='word_1_195' title='bbox 250 2591 315 2702; x_wconf 51' lang='lat' dir='ltr'><em>ulib</em></span> <span class='ocrx_word' id='word_1_196' title='bbox 340 2603 388 2710; x_wconf 71' lang='lat' dir='ltr'><em>pau</em></span> <span class='ocrx_word' id='word_1_197' title='bbox 414 2589 582 2640; x_wconf 71' lang='lat' dir='ltr'><em>insaciata</em></span> <span class='ocrx_word' id='word_1_198' title='bbox 609 2593 644 2640; x_wconf 91' lang='lat' dir='ltr'><em>de</em></span> <span class='ocrx_word' id='word_1_199' title='bbox 678 2593 824 2640; x_wconf 87' lang='lat' dir='ltr'><em>l’Hisioire</em></span> <span class='ocrx_word' id='word_1_200' title='bbox 839 2591 887 2640; x_wconf 51' lang='lat' dir='ltr'><em>¹de</em></span> 
     </span>
     <span class='ocr_line' id='line_1_38' title="bbox 248 2663 374 2700; baseline -0.016 0"><span class='ocrx_word' id='word_1_201' title='bbox 248 2687 249 2692; x_wconf 65' lang='lat'><em>,</em></span> <span class='ocrx_word' id='word_1_202' title='bbox 285 2663 374 2700; x_wconf 79' lang='lat' dir='ltr'><em>runca.</em></span> 
     </span>
     <span class='ocr_line' id='line_1_39' title="bbox 291 2649 888 2771; baseline -0.003 -11"><span class='ocrx_word' id='word_1_203' title='bbox 291 2710 304 2771; x_wconf 78' lang='lat' dir='ltr'><em>i</em></span> <span class='ocrx_word' id='word_1_204' title='bbox 327 2649 557 2770; x_wconf 75' lang='lat' dir='ltr'><em>cusiulcdiilis,</em></span> <span class='ocrx_word' id='word_1_205' title='bbox 585 2709 888 2762; x_wconf 60' lang='lat' dir='ltr'><em>Cassaruusrsuvide</em></span> 
     </span>
     <span class='ocr_line' id='line_1_40' title="bbox 254 2773 469 2834; baseline -0.028 -10"><span class='ocrx_word' id='word_1_206' title='bbox 254 2775 324 2834; x_wconf 59' lang='lat' dir='ltr'><em>,pest</em></span> <span class='ocrx_word' id='word_1_207' title='bbox 339 2773 469 2834; x_wconf 77' lang='lat' dir='ltr'><em>Castrum.</em></span> 
     </span>
     <span class='ocr_line' id='line_1_41' title="bbox 290 2831 833 2894; baseline -0.019 -6.842"><span class='ocrx_word' id='word_1_208' title='bbox 290 2831 321 2880; x_wconf 76' lang='grc'><em>88</em></span> <span class='ocrx_word' id='word_1_209' title='bbox 332 2831 580 2882; x_wconf 79' lang='lat' dir='ltr'><em>GtSTRIPEODUM.</em></span> <span class='ocrx_word' id='word_1_210' title='bbox 595 2833 666 2882; x_wconf 87' lang='lat' dir='ltr'><em>Vide</em></span> <span class='ocrx_word' id='word_1_211' title='bbox 678 2831 816 2894; x_wconf 75' lang='lat' dir='ltr'><em>Faucium.</em></span> <span class='ocrx_word' id='word_1_212' title='bbox 832 2885 833 2890; x_wconf 13' lang='lat'>¹</span> 
     </span>
     <span class='ocr_line' id='line_1_42' title="bbox 248 2887 886 2954; baseline -0.009 -10"><span class='ocrx_word' id='word_1_213' title='bbox 248 2939 251 2944; x_wconf 84' lang='lat'><em>.</em></span> <span class='ocrx_word' id='word_1_214' title='bbox 281 2887 304 2954; x_wconf 65' lang='grc' dir='ltr'><strong>Ἰ</strong></span> <span class='ocrx_word' id='word_1_215' title='bbox 316 2891 558 2952; x_wconf 78' lang='lat' dir='ltr'><em>essrntusueu,</em></span> <span class='ocrx_word' id='word_1_216' title='bbox 572 2893 648 2942; x_wconf 80' lang='lat' dir='ltr'><em>Gulae</em></span> <span class='ocrx_word' id='word_1_217' title='bbox 658 2889 886 2952; x_wconf 81' lang='lat' dir='ltr'><em>concupiscentia.</em></span> 
     </span>
     <span class='ocr_line' id='line_1_43' title="bbox 248 2949 888 3020; baseline -0.003 -18"><span class='ocrx_word' id='word_1_218' title='bbox 248 2953 364 3014; x_wconf 66' lang='lat' dir='ltr'><em>„Papias</em></span> <span class='ocrx_word' id='word_1_219' title='bbox 377 2949 432 3004; x_wconf 88' lang='lat' dir='ltr'><em>MS.</em></span> <span class='ocrx_word' id='word_1_220' title='bbox 447 2953 567 3020; x_wconf 80' lang='lat' dir='ltr'><em>Bituric.</em></span> <span class='ocrx_word' id='word_1_221' title='bbox 578 2953 700 3002; x_wconf 83' lang='lat' dir='ltr'><em>Litanlae</em></span> <span class='ocrx_word' id='word_1_222' title='bbox 716 2953 888 3002; x_wconf 88' lang='lat' dir='ltr'><em>Sanctorum</em></span> 
     </span>
     <span class='ocr_line' id='line_1_44' title="bbox 266 3013 886 3064; baseline -0.005 -2"><span class='ocrx_word' id='word_1_223' title='bbox 266 3013 405 3064; x_wconf 83' lang='lat' dir='ltr'><em>iuCodice</em></span> <span class='ocrx_word' id='word_1_224' title='bbox 430 3017 456 3064; x_wconf 88' lang='lat' dir='ltr'><em>S.</em></span> <span class='ocrx_word' id='word_1_225' title='bbox 480 3013 624 3064; x_wconf 83' lang='lat' dir='ltr'><em>Martialis</em></span> <span class='ocrx_word' id='word_1_226' title='bbox 647 3013 789 3064; x_wconf 86' lang='lat' dir='ltr'><em>Lemoric.</em></span> <span class='ocrx_word' id='word_1_227' title='bbox 813 3025 842 3062; x_wconf 89' lang='lat' dir='ltr'><em>n.</em></span> <span class='ocrx_word' id='word_1_228' title='bbox 864 3013 886 3060; x_wconf 87' lang='grc'><em>4.</em></span> 
     </span>
     <span class='ocr_line' id='line_1_45' title="bbox 245 3071 888 3136; baseline -0.006 -12"><span class='ocrx_word' id='word_1_229' title='bbox 245 3097 254 3130; x_wconf 61' lang='grc' dir='ltr'><em>ε,</em></span> <span class='ocrx_word' id='word_1_230' title='bbox 265 3073 378 3124; x_wconf 87' lang='lat' dir='ltr'><em>circax.</em></span> <span class='ocrx_word' id='word_1_231' title='bbox 389 3077 524 3136; x_wconf 75' lang='lat' dir='ltr'><em>seculum</em></span> <span class='ocrx_word' id='word_1_232' title='bbox 536 3087 624 3124; x_wconf 87' lang='lat' dir='ltr'><em>mano</em></span> <span class='ocrx_word' id='word_1_233' title='bbox 641 3077 756 3124; x_wconf 87' lang='lat' dir='ltr'><em>exarato</em></span> <span class='ocrx_word' id='word_1_234' title='bbox 772 3089 776 3118; x_wconf 84' lang='lat' dir='ltr'>z</span> <span class='ocrx_word' id='word_1_235' title='bbox 790 3071 813 3120; x_wconf 76' lang='lat' dir='ltr'><strong><em>A</em></strong></span> <span class='ocrx_word' id='word_1_236' title='bbox 829 3073 888 3134; x_wconf 79' lang='lat' dir='ltr'><em>Spi-</em></span> 
     </span>
     <span class='ocr_line' id='line_1_46' title="bbox 263 3133 887 3194; baseline -0.003 -14"><span class='ocrx_word' id='word_1_237' title='bbox 263 3133 318 3180; x_wconf 81' lang='lat' dir='ltr'><em>ritu</em></span> <span class='ocrx_word' id='word_1_238' title='bbox 332 3133 568 3194; x_wconf 65' lang='lat' dir='ltr'><em>Castrimoenium...</em></span> <span class='ocrx_word' id='word_1_239' title='bbox 584 3133 681 3182; x_wconf 85' lang='lat' dir='ltr'><em>Libera</em></span> <span class='ocrx_word' id='word_1_240' title='bbox 701 3147 749 3182; x_wconf 92' lang='lat' dir='ltr'><em>uas</em></span> <span class='ocrx_word' id='word_1_241' title='bbox 761 3133 887 3182; x_wconf 78' lang='lat' dir='ltr'><em>Domine.</em></span> 
     </span>
     <span class='ocr_line' id='line_1_47' title="bbox 242 3193 889 3304; baseline -0.003 -60"><span class='ocrx_word' id='word_1_242' title='bbox 242 3195 286 3304; x_wconf 59' lang='lat' dir='ltr'><em>ui.</em></span> <span class='ocrx_word' id='word_1_243' title='bbox 308 3195 401 3304; x_wconf 51' lang='grc' dir='ltr'>ἓῑὲθῖῖο</span> <span class='ocrx_word' id='word_1_244' title='bbox 422 3193 616 3260; x_wconf 64' lang='grc' dir='ltr'>γαστριμαργία,</span> <span class='ocrx_word' id='word_1_245' title='bbox 644 3195 800 3254; x_wconf 81' lang='lat' dir='ltr'><em>ingluvies,</em></span> <span class='ocrx_word' id='word_1_246' title='bbox 827 3195 889 3244; x_wconf 79' lang='lat' dir='ltr'><em>hel-</em></span> 
     </span>
     <span class='ocr_line' id='line_1_48' title="bbox 280 3315 888 3372; baseline -0.003 -8.126"><span class='ocrx_word' id='word_1_247' title='bbox 239 3315 386 3372; x_wconf 52' lang='lat' dir='ltr'><em>istut.</em></span> <span class='ocrx_word' id='word_1_248' title='bbox 402 3317 549 3366; x_wconf 78' lang='lat' dir='ltr'><em>ann.1357.</em></span> <span class='ocrx_word' id='word_1_249' title='bbox 566 3315 626 3366; x_wconf 89' lang='lat' dir='ltr'><em>ord.</em></span> <span class='ocrx_word' id='word_1_250' title='bbox 642 3317 758 3366; x_wconf 87' lang='lat' dir='ltr'><em>Cisterc.</em></span> <span class='ocrx_word' id='word_1_251' title='bbox 773 3327 806 3364; x_wconf 81' lang='lat' dir='ltr'><em>ex</em></span> <span class='ocrx_word' id='word_1_252' title='bbox 820 3315 888 3364; x_wconf 84' lang='lat' dir='ltr'><em>Cod.</em></span> 
     </span>
     <span class='ocr_line' id='line_1_49' title="bbox 239 3373 888 3436; baseline -0.006 -8"><span class='ocrx_word' id='word_1_253' title='bbox 239 3387 246 3428; x_wconf 62' lang='grc' dir='ltr'><em>’,ε</em></span> <span class='ocrx_word' id='word_1_254' title='bbox 255 3373 392 3432; x_wconf 76' lang='grc' dir='ltr'>’01θθθνθ1</span> <span class='ocrx_word' id='word_1_255' title='bbox 407 3387 469 3436; x_wconf 86' lang='lat' dir='ltr'><em>cap.</em></span> <span class='ocrx_word' id='word_1_256' title='bbox 486 3379 516 3426; x_wconf 82' lang='lat'><em>5:</em></span> <span class='ocrx_word' id='word_1_257' title='bbox 532 3375 600 3424; x_wconf 70' lang='lat' dir='ltr'><em>,iiam</em></span> <span class='ocrx_word' id='word_1_258' title='bbox 625 3391 687 3424; x_wconf 90' lang='lat' dir='ltr'><em>cum</em></span> <span class='ocrx_word' id='word_1_259' title='bbox 705 3377 824 3436; x_wconf 83' lang='lat' dir='ltr'><em>propter</em></span> <span class='ocrx_word' id='word_1_260' title='bbox 841 3377 888 3424; x_wconf 86' lang='lat' dir='ltr'><em>de-</em></span> 
     </span>
     <span class='ocr_line' id='line_1_50' title="bbox 238 3435 889 3498; baseline -0.006 -10"><span class='ocrx_word' id='word_1_261' title='bbox 238 3437 377 3498; x_wconf 64' lang='lat' dir='ltr'><em>,tiasiabile</em></span> <span class='ocrx_word' id='word_1_262' title='bbox 392 3435 595 3498; x_wconf 76' lang='lat' dir='ltr'><em>Custrirnarqiae</em></span> <span class='ocrx_word' id='word_1_263' title='bbox 607 3437 702 3486; x_wconf 86' lang='lat' dir='ltr'><em>uitium</em></span> <span class='ocrx_word' id='word_1_264' title='bbox 715 3435 747 3484; x_wconf 91' lang='lat' dir='ltr'><em>iu</em></span> <span class='ocrx_word' id='word_1_265' title='bbox 762 3437 889 3498; x_wconf 70' lang='lat' dir='ltr'><em>labyrin-</em></span> 
     </span>
     <span class='ocr_line' id='line_1_51' title="bbox 239 3495 890 3558; baseline 0.003 -16"><span class='ocrx_word' id='word_1_266' title='bbox 239 3495 333 3550; x_wconf 62' lang='lat' dir='ltr'><em>„ilutm</em></span> <span class='ocrx_word' id='word_1_267' title='bbox 343 3495 465 3544; x_wconf 87' lang='lat' dir='ltr'><em>uitiorum</em></span> <span class='ocrx_word' id='word_1_268' title='bbox 476 3497 704 3556; x_wconf 83' lang='lat' dir='ltr'><em>descendatur,ei</em></span> <span class='ocrx_word' id='word_1_269' title='bbox 713 3497 744 3544; x_wconf 87' lang='lat' dir='ltr'><em>in</em></span> <span class='ocrx_word' id='word_1_270' title='bbox 749 3497 890 3558; x_wconf 80' lang='lat' dir='ltr'><em>plerisque</em></span> 
     </span>
     <span class='ocr_line' id='line_1_52' title="bbox 236 3557 888 3614; baseline 0 -10"><span class='ocrx_word' id='word_1_271' title='bbox 236 3557 425 3614; x_wconf 61' lang='lat' dir='ltr'><em>&lt;monasteriis</em></span> <span class='ocrx_word' id='word_1_272' title='bbox 445 3559 531 3606; x_wconf 91' lang='lat' dir='ltr'><em>nostri</em></span> <span class='ocrx_word' id='word_1_273' title='bbox 554 3559 660 3606; x_wconf 87' lang='lat' dir='ltr'><em>ordinis</em></span> <span class='ocrx_word' id='word_1_274' title='bbox 683 3559 814 3604; x_wconf 88' lang='lat' dir='ltr'><em>nonnulli</em></span> <span class='ocrx_word' id='word_1_275' title='bbox 835 3571 888 3604; x_wconf 89' lang='lat' dir='ltr'><em>mo·</em></span> 
     </span>
     <span class='ocr_line' id='line_1_53' title="bbox 261 3615 889 3678; baseline 0.002 -15"><span class='ocrx_word' id='word_1_276' title='bbox 261 3615 426 3678; x_wconf 82' lang='lat' dir='ltr'><em>ua-chisuper</em></span> <span class='ocrx_word' id='word_1_277' title='bbox 440 3617 505 3666; x_wconf 85' lang='lat' dir='ltr'><em>cibis</em></span> <span class='ocrx_word' id='word_1_278' title='bbox 518 3625 543 3666; x_wconf 91' lang='lat' dir='ltr'><em>ei</em></span> <span class='ocrx_word' id='word_1_279' title='bbox 549 3619 658 3678; x_wconf 83' lang='lat' dir='ltr'><em>potibus</em></span> <span class='ocrx_word' id='word_1_280' title='bbox 667 3619 762 3666; x_wconf 89' lang='lat' dir='ltr'><em>minus</em></span> <span class='ocrx_word' id='word_1_281' title='bbox 775 3619 889 3666; x_wconf 87' lang='lat' dir='ltr'><em>discrete</em></span> 
     </span>
     <span class='ocr_line' id='line_1_54' title="bbox 236 3675 888 3740; baseline -0.003 -12"><span class='ocrx_word' id='word_1_282' title='bbox 236 3675 363 3736; x_wconf 62' lang='lat' dir='ltr'><em>sabbatus</em></span> <span class='ocrx_word' id='word_1_283' title='bbox 373 3679 496 3738; x_wconf 80' lang='lat' dir='ltr'><em>proprias</em></span> <span class='ocrx_word' id='word_1_284' title='bbox 513 3679 678 3740; x_wconf 81' lang='lat' dir='ltr'><em>inquietent,</em></span> <span class='ocrx_word' id='word_1_285' title='bbox 694 3685 741 3726; x_wconf 85' lang='lat' dir='ltr'><em>etc.</em></span> <span class='ocrx_word' id='word_1_286' title='bbox 756 3679 840 3726; x_wconf 86' lang='lat' dir='ltr'><em>Joan.</em></span> <span class='ocrx_word' id='word_1_287' title='bbox 853 3679 888 3726; x_wconf 90' lang='lat' dir='ltr'><em>de</em></span> 
     </span>
     <span class='ocr_line' id='line_1_55' title="bbox 263 3735 887 3788; baseline 0 -4"><span class='ocrx_word' id='word_1_288' title='bbox 263 3735 430 3786; x_wconf 85' lang='lat' dir='ltr'><em>Cardallraco</em></span> <span class='ocrx_word' id='word_1_289' title='bbox 456 3749 541 3788; x_wconf 85' lang='lat' dir='ltr'><em>serm.</em></span> <span class='ocrx_word' id='word_1_290' title='bbox 570 3739 600 3786; x_wconf 93' lang='lat' dir='ltr'><em>in</em></span> <span class='ocrx_word' id='word_1_291' title='bbox 626 3739 747 3788; x_wconf 88' lang='lat' dir='ltr'><em>Nativit.</em></span> <span class='ocrx_word' id='word_1_292' title='bbox 771 3739 803 3786; x_wconf 92' lang='grc' dir='ltr'><strong>Β.</strong></span> <span class='ocrx_word' id='word_1_293' title='bbox 833 3739 887 3786; x_wconf 86' lang='grc' dir='ltr'><strong>Μ.;</strong></span> 
     </span>
     <span class='ocr_line' id='line_1_56' title="bbox 232 3795 890 3860; baseline 0.002 -18"><span class='ocrx_word' id='word_1_294' title='bbox 232 3809 251 3850; x_wconf 64' lang='lat' dir='ltr'><em>„J</em></span> <span class='ocrx_word' id='word_1_295' title='bbox 262 3795 352 3844; x_wconf 82' lang='lat' dir='ltr'><em>Omrtes</em></span> <span class='ocrx_word' id='word_1_296' title='bbox 365 3797 585 3858; x_wconf 67' lang='lat' dir='ltr'><em>infirmatum...</em></span> <span class='ocrx_word' id='word_1_297' title='bbox 608 3805 658 3846; x_wconf 91' lang='lat' dir='ltr'><em>uui</em></span> <span class='ocrx_word' id='word_1_298' title='bbox 680 3799 713 3846; x_wconf 90' lang='lat' dir='ltr'><em>in</em></span> <span class='ocrx_word' id='word_1_299' title='bbox 731 3803 826 3846; x_wconf 88' lang='lat' dir='ltr'><em>venire</em></span> <span class='ocrx_word' id='word_1_300' title='bbox 837 3811 890 3860; x_wconf 77' lang='lat' dir='ltr'><em>per</em></span> 
     </span>
     <span class='ocr_line' id='line_1_57' title="bbox 232 3857 779 3922; baseline 0 -16"><span class='ocrx_word' id='word_1_301' title='bbox 232 3857 425 3916; x_wconf 57' lang='lat' dir='ltr'><em>„saturitatem</em></span> <span class='ocrx_word' id='word_1_302' title='bbox 439 3865 463 3904; x_wconf 89' lang='lat' dir='ltr'><em>et</em></span> <span class='ocrx_word' id='word_1_303' title='bbox 475 3859 716 3922; x_wconf 70' lang='lat' dir='ltr'><em>Casirimurqium,</em></span> <span class='ocrx_word' id='word_1_304' title='bbox 729 3865 779 3908; x_wconf 89' lang='lat' dir='ltr'><em>eie.</em></span> 
     </span>
     <span class='ocr_line' id='line_1_58' title="bbox 254 3915 888 3986; baseline -0.003 -16.07"><span class='ocrx_word' id='word_1_305' title='bbox 254 3939 269 3986; x_wconf 73' lang='lat'><em>&#39;.</em></span> <span class='ocrx_word' id='word_1_306' title='bbox 288 3915 633 3978; x_wconf 79' lang='lat' dir='ltr'><em>ausrnlnenelnsntus,</em></span> <span class='ocrx_word' id='word_1_307' title='bbox 647 3917 811 3982; x_wconf 83' lang='lat' dir='ltr'><em>[Rusticula</em></span> <span class='ocrx_word' id='word_1_308' title='bbox 827 3931 888 3968; x_wconf 83' lang='lat' dir='ltr'><em>ma·</em></span> 
     </span>
     <span class='ocr_line' id='line_1_59' title="bbox 234 3979 800 4042; baseline 0.004 -16"><span class='ocrx_word' id='word_1_309' title='bbox 234 3985 308 4036; x_wconf 23' lang='lat' dir='ltr'><em>ref-jor,</em></span> <span class='ocrx_word' id='word_1_310' title='bbox 324 3979 394 4026; x_wconf 83' lang='lat' dir='ltr'><em>Gall.</em></span> <span class='ocrx_word' id='word_1_311' title='bbox 410 3979 546 4040; x_wconf 79' lang='lat' dir='ltr'><em>Because]</em></span> <span class='ocrx_word' id='word_1_312' title='bbox 558 3981 630 4030; x_wconf 88' lang='lat' dir='ltr'><em>Vide</em></span> <span class='ocrx_word' id='word_1_313' title='bbox 647 3979 800 4042; x_wconf 76' lang='lat' dir='ltr'><em>Ceparium.</em></span> 
     </span>
     <span class='ocr_line' id='line_1_60' title="bbox 231 4037 887 4098; baseline 0 -12"><span class='ocrx_word' id='word_1_314' title='bbox 231 4057 250 4088; x_wconf 70' lang='lat' dir='ltr'><em>a.</em></span> <span class='ocrx_word' id='word_1_315' title='bbox 260 4059 269 4084; x_wconf 68' lang='grc' dir='ltr'><em>κ</em></span> <span class='ocrx_word' id='word_1_316' title='bbox 288 4037 435 4098; x_wconf 65' lang='grc'><strong>86105581.</strong></span> <span class='ocrx_word' id='word_1_317' title='bbox 448 4041 511 4088; x_wconf 88' lang='lat' dir='ltr'><em>Lat.</em></span> <span class='ocrx_word' id='word_1_318' title='bbox 526 4041 599 4090; x_wconf 86' lang='lat' dir='ltr'><em>Gall.</em></span> <span class='ocrx_word' id='word_1_319' title='bbox 615 4053 650 4090; x_wconf 82' lang='lat' dir='ltr'><em>ex</em></span> <span class='ocrx_word' id='word_1_320' title='bbox 662 4041 729 4090; x_wconf 87' lang='lat' dir='ltr'><em>Cod.</em></span> <span class='ocrx_word' id='word_1_321' title='bbox 746 4051 804 4098; x_wconf 81' lang='lat' dir='ltr'><em>reg.</em></span> <span class='ocrx_word' id='word_1_322' title='bbox 818 4039 887 4088; x_wconf 72' lang='grc'><strong>2692.</strong></span> 
     </span>
     <span class='ocr_line' id='line_1_61' title="bbox 231 4097 888 4160; baseline 0.006 -16"><span class='ocrx_word' id='word_1_323' title='bbox 231 4117 244 4150; x_wconf 74' lang='grc'><em>·;</em></span> <span class='ocrx_word' id='word_1_324' title='bbox 260 4097 532 4160; x_wconf 74' lang='lat' dir='ltr'><em>Casirimauinurius,</em></span> <span class='ocrx_word' id='word_1_325' title='bbox 565 4099 677 4150; x_wconf 87' lang='lat' dir='ltr'><em>Viiecoc.</em></span> <span class='ocrx_word' id='word_1_326' title='bbox 705 4101 774 4160; x_wconf 79' lang='lat' dir='ltr'><em>neg.</em></span> <span class='ocrx_word' id='word_1_327' title='bbox 809 4099 888 4148; x_wconf 83' lang='lat' dir='ltr'><em>cam.</em></span> 
     </span>
     <span class='ocr_line' id='line_1_62' title="bbox 261 4155 889 4218; baseline 0.003 -13.903"><span class='ocrx_word' id='word_1_328' title='bbox 261 4155 387 4218; x_wconf 81' lang='lat' dir='ltr'><em>compat.</em></span> <span class='ocrx_word' id='word_1_329' title='bbox 408 4159 499 4208; x_wconf 81' lang='lat' dir='ltr'><em>Paris,</em></span> <span class='ocrx_word' id='word_1_330' title='bbox 514 4161 588 4218; x_wconf 79' lang='lat' dir='ltr'><em>sign.</em></span> <span class='ocrx_word' id='word_1_331' title='bbox 603 4159 653 4208; x_wconf 88' lang='lat' dir='ltr'><em>Bet</em></span> <span class='ocrx_word' id='word_1_332' title='bbox 674 4163 711 4210; x_wconf 93' lang='lat' dir='ltr'><em>ad</em></span> <span class='ocrx_word' id='word_1_333' title='bbox 734 4171 801 4210; x_wconf 88' lang='lat' dir='ltr'><em>ann.</em></span> <span class='ocrx_word' id='word_1_334' title='bbox 818 4159 889 4208; x_wconf 84' lang='lat'><em>1316.</em></span> 
     </span>
     <span class='ocr_line' id='line_1_63' title="bbox 248 4217 890 4282; baseline 0 -16"><span class='ocrx_word' id='word_1_335' title='bbox 248 4217 306 4266; x_wconf 79' lang='lat' dir='ltr'><em>iol.</em></span> <span class='ocrx_word' id='word_1_336' title='bbox 320 4217 358 4268; x_wconf 84' lang='lat'><em>33.</em></span> <span class='ocrx_word' id='word_1_337' title='bbox 373 4229 396 4268; x_wconf 78' lang='lat'><em>1¹⁰</em></span> <span class='ocrx_word' id='word_1_338' title='bbox 408 4233 413 4264; x_wconf 90' lang='lat'>:</span> <span class='ocrx_word' id='word_1_339' title='bbox 426 4219 551 4280; x_wconf 84' lang='lat' dir='ltr'><em>Perdriz,</em></span> <span class='ocrx_word' id='word_1_340' title='bbox 565 4219 682 4280; x_wconf 75' lang='lat' dir='ltr'><em>faisans,</em></span> <span class='ocrx_word' id='word_1_341' title='bbox 697 4219 890 4282; x_wconf 76' lang='lat' dir='ltr'><em>Casirimuryi-</em></span> 
     </span>
     <span class='ocr_line' id='line_1_64' title="bbox 228 4279 890 4340; baseline 0.006 -16"><span class='ocrx_word' id='word_1_342' title='bbox 228 4279 369 4340; x_wconf 34' lang='lat' dir='ltr'><em>„senoricus</em></span> <span class='ocrx_word' id='word_1_343' title='bbox 400 4283 425 4326; x_wconf 91' lang='lat' dir='ltr'><em>ei</em></span> <span class='ocrx_word' id='word_1_344' title='bbox 452 4285 546 4328; x_wconf 83' lang='lat' dir='ltr'><em>autres</em></span> <span class='ocrx_word' id='word_1_345' title='bbox 571 4285 658 4328; x_wconf 88' lang='lat' dir='ltr'><em>tontes</em></span> <span class='ocrx_word' id='word_1_346' title='bbox 691 4281 830 4330; x_wconf 84' lang='lat' dir='ltr'><em>munieras</em></span> <span class='ocrx_word' id='word_1_347' title='bbox 856 4281 890 4328; x_wconf 88' lang='lat' dir='ltr'><em>de</em></span> 
     </span>
     <span class='ocr_line' id='line_1_65' title="bbox 257 4339 889 4402; baseline 0 -14"><span class='ocrx_word' id='word_1_348' title='bbox 228 4339 375 4400; x_wconf 76' lang='grc' dir='ltr'>μήθῖαήὶθ,</span> <span class='ocrx_word' id='word_1_349' title='bbox 396 4345 444 4386; x_wconf 89' lang='lat' dir='ltr'><em>etc.</em></span> <span class='ocrx_word' id='word_1_350' title='bbox 470 4339 763 4402; x_wconf 73' lang='lat' dir='ltr'><em>Casirimuruinurius,</em></span> <span class='ocrx_word' id='word_1_351' title='bbox 788 4339 889 4402; x_wconf 77' lang='lat' dir='ltr'><em>Qneffe-</em></span> 
     </span>
     <span class='ocr_line' id='line_1_66' title="bbox 225 4399 570 4456; baseline -0.006 -8"><span class='ocrx_word' id='word_1_352' title='bbox 225 4399 305 4456; x_wconf 85' lang='grc' dir='ltr'><em>ήθ,</em></span> <span class='ocrx_word' id='word_1_353' title='bbox 318 4399 347 4446; x_wconf 85' lang='grc'><em>111</em></span> <span class='ocrx_word' id='word_1_354' title='bbox 362 4399 444 4448; x_wconf 84' lang='lat' dir='ltr'><em>cath.</em></span> <span class='ocrx_word' id='word_1_355' title='bbox 459 4399 570 4448; x_wconf 81' lang='lat' dir='ltr'><em>Armor.</em></span> 
     </span>
     <span class='ocr_line' id='line_1_67' title="bbox 288 4457 889 4518; baseline 0.011 -15.355"><span class='ocrx_word' id='word_1_356' title='bbox 288 4457 483 4518; x_wconf 67' lang='lat' dir='ltr'><em>uusrntrtus‘</em></span> <span class='ocrx_word' id='word_1_357' title='bbox 503 4461 621 4516; x_wconf 78' lang='lat' dir='ltr'><em>Verres,</em></span> <span class='ocrx_word' id='word_1_358' title='bbox 636 4459 711 4508; x_wconf 88' lang='lat' dir='ltr'><em>aries</em></span> <span class='ocrx_word' id='word_1_359' title='bbox 732 4461 889 4516; x_wconf 88' lang='lat' dir='ltr'><em>castratus,</em></span> 
     </span>
     <span class='ocr_line' id='line_1_68' title="bbox 260 4517 890 4576; baseline 0.006 -12"><span class='ocrx_word' id='word_1_360' title='bbox 260 4519 339 4568; x_wconf 88' lang='lat' dir='ltr'><em>Italis</em></span> <span class='ocrx_word' id='word_1_361' title='bbox 350 4519 486 4566; x_wconf 80' lang='lat' dir='ltr'><em>Castrare.</em></span> <span class='ocrx_word' id='word_1_362' title='bbox 505 4519 611 4568; x_wconf 79' lang='lat' dir='ltr'><em>Charta</em></span> <span class='ocrx_word' id='word_1_363' title='bbox 631 4519 719 4568; x_wconf 90' lang='lat' dir='ltr'><em>Henr.</em></span> <span class='ocrx_word' id='word_1_364' title='bbox 735 4517 786 4566; x_wconf 90' lang='lat' dir='ltr'><em>III.</em></span> <span class='ocrx_word' id='word_1_365' title='bbox 802 4521 890 4576; x_wconf 80' lang='lat' dir='ltr'><em>Regis</em></span> 
     </span>
     <span class='ocr_line' id='line_1_69' title="bbox 224 4579 888 4640; baseline 0 -14"><span class='ocrx_word' id='word_1_366' title='bbox 224 4609 226 4612; x_wconf 92' lang='lat'>-</span> <span class='ocrx_word' id='word_1_367' title='bbox 238 4579 338 4638; x_wconf 48' lang='lat' dir='ltr'><em>=2=1fAngl</em></span> <span class='ocrx_word' id='word_1_368' title='bbox 351 4579 381 4628; x_wconf 90' lang='lat' dir='ltr'><em>in</em></span> <span class='ocrx_word' id='word_1_369' title='bbox 395 4579 519 4628; x_wconf 83' lang='lat' dir='ltr'><em>Monesi.</em></span> <span class='ocrx_word' id='word_1_370' title='bbox 531 4579 615 4638; x_wconf 78' lang='lat' dir='ltr'><em>angl.</em></span> <span class='ocrx_word' id='word_1_371' title='bbox 634 4579 702 4626; x_wconf 93' lang='lat' dir='ltr'><em>tom.</em></span> <span class='ocrx_word' id='word_1_372' title='bbox 718 4579 741 4626; x_wconf 89' lang='lat'><em>1.</em></span> <span class='ocrx_word' id='word_1_373' title='bbox 750 4591 815 4640; x_wconf 80' lang='lat' dir='ltr'><em>pag.</em></span> <span class='ocrx_word' id='word_1_374' title='bbox 830 4579 888 4628; x_wconf 84' lang='lat'>888:</span> 
     </span>
     <span class='ocr_line' id='line_1_70' title="bbox 223 4639 889 4702; baseline -0.002 -14"><span class='ocrx_word' id='word_1_375' title='bbox 223 4663 230 4688; x_wconf 58' lang='lat'><em>¹.</em></span> <span class='ocrx_word' id='word_1_376' title='bbox 252 4639 464 4702; x_wconf 65' lang='lat' dir='ltr'><em>,Quinauaqiuiu</em></span> <span class='ocrx_word' id='word_1_377' title='bbox 475 4639 597 4702; x_wconf 77' lang='lat' dir='ltr'><em>quinque</em></span> <span class='ocrx_word' id='word_1_378' title='bbox 610 4651 692 4688; x_wconf 82' lang='lat' dir='ltr'><em>uerus</em></span> <span class='ocrx_word' id='word_1_379' title='bbox 704 4643 782 4686; x_wconf 78' lang='lat' dir='ltr'><em>terra</em></span> <span class='ocrx_word' id='word_1_380' title='bbox 794 4645 889 4702; x_wconf 79' lang='lat' dir='ltr'><em>etpos-</em></span> 
     </span>
     <span class='ocr_line' id='line_1_71' title="bbox 221 4699 890 4760; baseline 0.003 -16"><span class='ocrx_word' id='word_1_381' title='bbox 221 4725 239 4746; x_wconf 38' lang='grc' dir='ltr'><em>θ,</em></span> <span class='ocrx_word' id='word_1_382' title='bbox 260 4705 351 4754; x_wconf 51' lang='lat' dir='ltr'><em>turam¹</em></span> <span class='ocrx_word' id='word_1_383' title='bbox 364 4701 401 4748; x_wconf 85' lang='lat' dir='ltr'><em>ad</em></span> <span class='ocrx_word' id='word_1_384' title='bbox 422 4701 557 4748; x_wconf 85' lang='lat' dir='ltr'><em>ducentas</em></span> <span class='ocrx_word' id='word_1_385' title='bbox 581 4713 651 4760; x_wconf 87' lang='lat' dir='ltr'><em>aues,</em></span> <span class='ocrx_word' id='word_1_386' title='bbox 668 4707 694 4746; x_wconf 89' lang='lat' dir='ltr'><em>ei</em></span> <span class='ocrx_word' id='word_1_387' title='bbox 711 4705 769 4746; x_wconf 92' lang='lat' dir='ltr'><em>acia</em></span> <span class='ocrx_word' id='word_1_388' title='bbox 783 4699 890 4748; x_wconf 87' lang='lat' dir='ltr'><em>Casiri-</em></span> 
     </span>
     <span class='ocr_line' id='line_1_72' title="bbox 220 4759 890 4870; baseline 0.001 -64"><span class='ocrx_word' id='word_1_389' title='bbox 220 4759 522 4870; x_wconf 34' lang='lat' dir='ltr'><em>=,i(uos,·etMsSecdecim</em></span> <span class='ocrx_word' id='word_1_390' title='bbox 548 4761 634 4808; x_wconf 86' lang='lat' dir='ltr'><em>boues.</em></span> <span class='ocrx_word' id='word_1_391' title='bbox 662 4759 702 4806; x_wconf 92' lang='lat' dir='ltr'><em>Le</em></span> <span class='ocrx_word' id='word_1_392' title='bbox 718 4759 830 4810; x_wconf 83' lang='lat' dir='ltr'><em>Roman</em></span> <span class='ocrx_word' id='word_1_393' title='bbox 857 4761 890 4810; x_wconf 80' lang='lat' dir='ltr'><em>de</em></span> 
     </span>
     <span class='ocr_line' id='line_1_73' title="bbox 283 4833 423 4870; baseline 0.01 -1.386"><span class='ocrx_word' id='word_1_394' title='bbox 283 4833 369 4870; x_wconf 74' lang='lat' dir='ltr'><em>oron.</em></span> <span class='ocrx_word' id='word_1_395' title='bbox 418 4837 423 4870; x_wconf 74' lang='grc' dir='ltr'><em>ι</em></span> 
     </span>
    </p>
   </div>
   <div class='ocr_carea' id='block_1_10' title="bbox 225 4903 758 5006">
    <p class='ocr_par' dir='ltr' id='par_1_18' title="bbox 225 4903 758 5006">
     <span class='ocr_line' id='line_1_74' title="bbox 225 4903 758 4958; baseline 0 -14"><span class='ocrx_word' id='word_1_396' title='bbox 225 4953 227 4956; x_wconf 22' lang='lat'>¹</span> <span class='ocrx_word' id='word_1_397' title='bbox 335 4905 362 4946; x_wconf 87' lang='lat' dir='ltr'><em>La</em></span> <span class='ocrx_word' id='word_1_398' title='bbox 374 4903 457 4946; x_wconf 74' lang='lat' dir='ltr'><em>veiseiez</em></span> <span class='ocrx_word' id='word_1_399' title='bbox 467 4907 510 4946; x_wconf 81' lang='lat' dir='ltr'><em>tatrt</em></span> <span class='ocrx_word' id='word_1_400' title='bbox 519 4907 579 4958; x_wconf 76' lang='lat' dir='ltr'><em>grani</em></span> <span class='ocrx_word' id='word_1_401' title='bbox 587 4903 637 4946; x_wconf 91' lang='lat' dir='ltr'><em>buei</em></span> <span class='ocrx_word' id='word_1_402' title='bbox 650 4903 758 4954; x_wconf 69' lang='lat' dir='ltr'><em>recueillis,</em></span> 
     </span>
     <span class='ocr_line' id='line_1_75' title="bbox 245 4957 722 5006; baseline 0 -10"><span class='ocrx_word' id='word_1_403' title='bbox 245 4973 247 4976; x_wconf 96' lang='lat'>·</span> <span class='ocrx_word' id='word_1_404' title='bbox 260 4959 261 4962; x_wconf 77' lang='grc'>’</span> <span class='ocrx_word' id='word_1_405' title='bbox 335 4957 396 4998; x_wconf 77' lang='lat' dir='ltr'><em>iente</em></span> <span class='ocrx_word' id='word_1_406' title='bbox 404 4957 474 5006; x_wconf 78' lang='lat' dir='ltr'><em>tache,</em></span> <span class='ocrx_word' id='word_1_407' title='bbox 486 4963 507 4998; x_wconf 90' lang='lat' dir='ltr'><em>et</em></span> <span class='ocrx_word' id='word_1_408' title='bbox 517 4961 558 4998; x_wconf 82' lang='lat' dir='ltr'><em>tant</em></span> <span class='ocrx_word' id='word_1_409' title='bbox 570 4957 624 4998; x_wconf 83' lang='lat' dir='ltr'><em>riche</em></span> <span class='ocrx_word' id='word_1_410' title='bbox 637 4957 722 4998; x_wconf 86' lang='lat' dir='ltr'><em>Castris.</em></span> 
     </span>
    </p>
   </div>
   <div class='ocr_carea' id='block_1_11' title="bbox 221 5029 889 5156">
    <p class='ocr_par' dir='ltr' id='par_1_19' title="bbox 221 5029 889 5156">
     <span class='ocr_line' id='line_1_76' title="bbox 261 5029 889 5092; baseline 0.003 -14.88"><span class='ocrx_word' id='word_1_411' title='bbox 261 5029 329 5080; x_wconf 84' lang='lat' dir='ltr'><em>Vide</em></span> <span class='ocrx_word' id='word_1_412' title='bbox 341 5033 445 5092; x_wconf 81' lang='lat' dir='ltr'><em>Castor,</em></span> <span class='ocrx_word' id='word_1_413' title='bbox 463 5035 491 5082; x_wconf 94' lang='lat' dir='ltr'><em>et</em></span> <span class='ocrx_word' id='word_1_414' title='bbox 511 5035 602 5082; x_wconf 86' lang='lat' dir='ltr'><em>Gloss.</em></span> <span class='ocrx_word' id='word_1_415' title='bbox 632 5035 705 5082; x_wconf 89' lang='lat' dir='ltr'><em>med.</em></span> <span class='ocrx_word' id='word_1_416' title='bbox 732 5033 844 5080; x_wconf 82' lang='lat' dir='ltr'><em>Graecit.</em></span> <span class='ocrx_word' id='word_1_417' title='bbox 859 5031 889 5080; x_wconf 91' lang='lat' dir='ltr'><em>in</em></span> 
     </span>
     <span class='ocr_line' id='line_1_77' title="bbox 221 5089 450 5156; baseline 0 -15"><span class='ocrx_word' id='word_1_418' title='bbox 221 5097 222 5102; x_wconf 73' lang='grc'>’</span> <span class='ocrx_word' id='word_1_419' title='bbox 261 5089 416 5156; x_wconf 68' lang='lat' dir='ltr'><em>Koa-rotator,</em></span> <span class='ocrx_word' id='word_1_420' title='bbox 446 5089 450 5100; x_wconf 79' lang='lat'>&#39;</span> 
     </span>
    </p>
   </div>
   <div class='ocr_carea' id='block_1_12' title="bbox 213 5177 891 5490">
    <p class='ocr_par' dir='ltr' id='par_1_20' title="bbox 210 5177 891 5490">
     <span class='ocr_line' id='line_1_78' title="bbox 274 5177 890 5250; baseline -0.003 -24"><span class='ocrx_word' id='word_1_421' title='bbox 274 5177 303 5250; x_wconf 54' lang='lat'><em>(²</em></span> <span class='ocrx_word' id='word_1_422' title='bbox 313 5179 436 5242; x_wconf 81' lang='lat' dir='ltr'><em>CASTRO,</em></span> <span class='ocrx_word' id='word_1_423' title='bbox 444 5181 561 5236; x_wconf 83' lang='lat' dir='ltr'><em>Vervex,</em></span> <span class='ocrx_word' id='word_1_424' title='bbox 569 5183 644 5230; x_wconf 88' lang='lat' dir='ltr'><em>aries</em></span> <span class='ocrx_word' id='word_1_425' title='bbox 657 5181 812 5240; x_wconf 74' lang='lat' dir='ltr'><em>castratus</em></span> <span class='ocrx_word' id='word_1_426' title='bbox 824 5177 890 5226; x_wconf 88' lang='lat' dir='ltr'><em>Ital.</em></span> 
     </span>
     <span class='ocr_line' id='line_1_79' title="bbox 262 5235 889 5300; baseline 0 -16"><span class='ocrx_word' id='word_1_427' title='bbox 262 5235 396 5300; x_wconf 83' lang='lat' dir='ltr'><em>tustrane,</em></span> <span class='ocrx_word' id='word_1_428' title='bbox 409 5243 516 5290; x_wconf 88' lang='lat' dir='ltr'><em>nostris</em></span> <span class='ocrx_word' id='word_1_429' title='bbox 529 5241 672 5290; x_wconf 78' lang='lat' dir='ltr'><em>Cirostran.</em></span> <span class='ocrx_word' id='word_1_430' title='bbox 684 5241 889 5298; x_wconf 78' lang='lat' dir='ltr'><em>Inquisitann.</em></span> 
     </span>
     <span class='ocr_line' id='line_1_80' title="bbox 213 5297 890 5372; baseline 0.006 -28"><span class='ocrx_word' id='word_1_431' title='bbox 213 5323 224 5338; x_wconf 70' lang='grc'>«</span> <span class='ocrx_word' id='word_1_432' title='bbox 261 5297 327 5348; x_wconf 83' lang='grc'><strong>1217.</strong></span> <span class='ocrx_word' id='word_1_433' title='bbox 349 5313 364 5350; x_wconf 91' lang='lat' dir='ltr'><em>a</em></span> <span class='ocrx_word' id='word_1_434' title='bbox 388 5303 423 5352; x_wconf 89' lang='lat' dir='ltr'><em>ud</em></span> <span class='ocrx_word' id='word_1_435' title='bbox 447 5303 531 5372; x_wconf 87' lang='lat' dir='ltr'><em>Spon.</em></span> <span class='ocrx_word' id='word_1_436' title='bbox 556 5305 624 5352; x_wconf 92' lang='lat' dir='ltr'><em>tom.</em></span> <span class='ocrx_word' id='word_1_437' title='bbox 646 5303 667 5350; x_wconf 87' lang='grc'><strong>2.</strong></span> <span class='ocrx_word' id='word_1_438' title='bbox 694 5303 770 5350; x_wconf 89' lang='lat' dir='ltr'><em>Hist.</em></span> <span class='ocrx_word' id='word_1_439' title='bbox 785 5301 890 5350; x_wconf 85' lang='lat' dir='ltr'><em>Gener.</em></span> 
     </span>
     <span class='ocr_line' id='line_1_81' title="bbox 215 5315 891 5430; baseline -0.015 -13"><span class='ocrx_word' id='word_1_440' title='bbox 215 5381 219 5390; x_wconf 45' lang='lat'><em>¹·</em></span> <span class='ocrx_word' id='word_1_441' title='bbox 260 5365 321 5418; x_wconf 66' lang='lat' dir='ltr'><em>pig.</em></span> <span class='ocrx_word' id='word_1_442' title='bbox 334 5315 397 5430; x_wconf 63' lang='lat' dir='ltr'><em>ilii:</em></span> <span class='ocrx_word' id='word_1_443' title='bbox 412 5365 558 5426; x_wconf 74' lang='lat' dir='ltr'><em>Accepit...</em></span> <span class='ocrx_word' id='word_1_444' title='bbox 569 5377 612 5414; x_wconf 86' lang='lat' dir='ltr'><em>res</em></span> <span class='ocrx_word' id='word_1_445' title='bbox 623 5365 765 5412; x_wconf 69' lang='lat' dir='ltr'><em>leontinum</em></span> <span class='ocrx_word' id='word_1_446' title='bbox 778 5375 891 5410; x_wconf 89' lang='lat' dir='ltr'><em>suorum</em></span> 
     </span>
     <span class='ocr_line' id='line_1_82' title="bbox 258 5421 890 5490; baseline -0.004 -15.212"><span class='ocrx_word' id='word_1_447' title='bbox 258 5427 306 5474; x_wconf 78' lang='lat' dir='ltr'><em>ner</em></span> <span class='ocrx_word' id='word_1_448' title='bbox 320 5421 483 5484; x_wconf 71' lang='lat' dir='ltr'><em>archesilam,</em></span> <span class='ocrx_word' id='word_1_449' title='bbox 506 5425 576 5476; x_wconf 90' lang='lat' dir='ltr'><em>sicui</em></span> <span class='ocrx_word' id='word_1_450' title='bbox 596 5427 693 5486; x_wconf 78' lang='lat' dir='ltr'><em>fenum</em></span> <span class='ocrx_word' id='word_1_451' title='bbox 713 5433 738 5476; x_wconf 88' lang='lat' dir='ltr'><em>ei</em></span> <span class='ocrx_word' id='word_1_452' title='bbox 749 5487 750 5490; x_wconf 8' lang='grc' dir='ltr'><strong>Ἴ</strong></span> <span class='ocrx_word' id='word_1_453' title='bbox 763 5437 890 5482; x_wconf 74' lang='lat' dir='ltr'><em>strenam,</em></span> 
     </span>
    </p>
   </div>
   <div class='ocr_carea' id='block_1_13' title="bbox 1218 221 1291 286">
    <p class='ocr_par' dir='ltr' id='par_1_21' title="bbox 1218 221 1291 286">
     <span class='ocr_line' id='line_1_83' title="bbox 1218 221 1291 286; baseline -0.027 0"><span class='ocrx_word' id='word_1_454' title='bbox 1218 221 1291 286; x_wconf 76' lang='lat' dir='ltr'><em>CAS</em></span> 
     </span>
    </p>
   </div>
   <div class='ocr_carea' id='block_1_14' title="bbox 929 377 1566 434">
    <p class='ocr_par' dir='ltr' id='par_1_22' title="bbox 929 377 1566 434">
     <span class='ocr_line' id='line_1_84' title="bbox 929 377 1566 434; baseline 0.009 -14"><span class='ocrx_word' id='word_1_455' title='bbox 929 385 1052 434; x_wconf 78' lang='lat' dir='ltr'><em>adportes,</em></span> <span class='ocrx_word' id='word_1_456' title='bbox 1077 391 1188 424; x_wconf 87' lang='lat' dir='ltr'><em>anseres</em></span> <span class='ocrx_word' id='word_1_457' title='bbox 1211 383 1235 424; x_wconf 90' lang='lat' dir='ltr'><em>et</em></span> <span class='ocrx_word' id='word_1_458' title='bbox 1262 377 1417 426; x_wconf 88' lang='lat' dir='ltr'><em>Casiraues.</em></span> <span class='ocrx_word' id='word_1_459' title='bbox 1431 381 1481 430; x_wconf 84' lang='lat' dir='ltr'><em>Ch.</em></span> <span class='ocrx_word' id='word_1_460' title='bbox 1498 393 1566 430; x_wconf 87' lang='lat' dir='ltr'><em>aun.</em></span> 
     </span>
    </p>
   </div>
   <div class='ocr_carea' id='block_1_15' title="bbox 929 493 1570 1030">
    <p class='ocr_par' dir='ltr' id='par_1_23' title="bbox 929 493 1570 1030">
     <span class='ocr_line' id='line_1_85' title="bbox 930 493 1567 564; baseline 0.005 -22"><span class='ocrx_word' id='word_1_461' title='bbox 930 493 998 552; x_wconf 75' lang='lat' dir='ltr'><em>neg.</em></span> <span class='ocrx_word' id='word_1_462' title='bbox 1012 495 1081 544; x_wconf 82' lang='lat'><em>5188.</em></span> <span class='ocrx_word' id='word_1_463' title='bbox 1106 493 1155 542; x_wconf 83' lang='lat' dir='ltr'><em>tol.</em></span> <span class='ocrx_word' id='word_1_464' title='bbox 1170 494 1225 543; x_wconf 85' lang='grc'><strong>161.</strong></span> <span class='ocrx_word' id='word_1_465' title='bbox 1251 505 1297 540; x_wconf 83' lang='lat' dir='ltr'><em>v⁰z</em></span> <span class='ocrx_word' id='word_1_466' title='bbox 1325 495 1394 542; x_wconf 90' lang='lat' dir='ltr'><em>Item</em></span> <span class='ocrx_word' id='word_1_467' title='bbox 1416 495 1567 564; x_wconf 76' lang='lat' dir='ltr'><em>(vendidit)</em></span> 
     </span>
     <span class='ocr_line' id='line_1_86' title="bbox 929 553 1567 672; baseline 0 -14"><span class='ocrx_word' id='word_1_468' title='bbox 929 553 1194 660; x_wconf 72' lang='lat' dir='ltr'><em>certarnen</em></span> <span class='ocrx_word' id='word_1_469' title='bbox 1208 553 1567 672; x_wconf 68' lang='lat' dir='ltr'><em>surrrecturus</em></span> 
     </span>
     <span class='ocr_line' id='line_1_87' title="bbox 930 671 1544 722; baseline 0 -4"><span class='ocrx_word' id='word_1_470' title='bbox 930 673 1037 718; x_wconf 75' lang='lat' dir='ltr'><em>damin.</em></span> <span class='ocrx_word' id='word_1_471' title='bbox 1050 673 1121 718; x_wconf 87' lang='lat' dir='ltr'><em>Vide</em></span> <span class='ocrx_word' id='word_1_472' title='bbox 1138 683 1171 718; x_wconf 87' lang='lat' dir='ltr'><em>su</em></span> <span class='ocrx_word' id='word_1_473' title='bbox 1194 683 1224 718; x_wconf 89' lang='lat' dir='ltr'><em>ra</em></span> <span class='ocrx_word' id='word_1_474' title='bbox 1238 673 1319 718; x_wconf 90' lang='lat' dir='ltr'><em>Casta</em></span> <span class='ocrx_word' id='word_1_475' title='bbox 1332 673 1354 718; x_wconf 88' lang='grc'><strong>2.</strong></span> <span class='ocrx_word' id='word_1_476' title='bbox 1371 671 1400 718; x_wconf 90' lang='grc' dir='ltr'><em>θῖ</em></span> <span class='ocrx_word' id='word_1_477' title='bbox 1411 671 1508 718; x_wconf 82' lang='lat' dir='ltr'><em>Castor</em></span> <span class='ocrx_word' id='word_1_478' title='bbox 1522 673 1544 722; x_wconf 90' lang='lat' dir='ltr'><em>l.</em></span> 
     </span>
     <span class='ocr_line' id='line_1_88' title="bbox 962 729 1569 790; baseline 0 -12"><span class='ocrx_word' id='word_1_479' title='bbox 962 729 1158 778; x_wconf 74' lang='lat' dir='ltr'><em>essenorum</em></span> <span class='ocrx_word' id='word_1_480' title='bbox 1183 729 1237 790; x_wconf 86' lang='lat' dir='ltr'><em>SIS,</em></span> <span class='ocrx_word' id='word_1_481' title='bbox 1260 733 1339 778; x_wconf 90' lang='lat' dir='ltr'><em>Idem</em></span> <span class='ocrx_word' id='word_1_482' title='bbox 1363 733 1412 790; x_wconf 73' lang='lat' dir='ltr'><em>crui</em></span> <span class='ocrx_word' id='word_1_483' title='bbox 1438 731 1569 778; x_wconf 90' lang='lat' dir='ltr'><em>Castren-</em></span> 
     </span>
     <span class='ocr_line' id='line_1_89' title="bbox 931 789 1567 850; baseline 0 -12"><span class='ocrx_word' id='word_1_484' title='bbox 931 791 976 846; x_wconf 89' lang='lat' dir='ltr'><em>sis,</em></span> <span class='ocrx_word' id='word_1_485' title='bbox 993 791 1088 838; x_wconf 80' lang='lat' dir='ltr'><em>castri</em></span> <span class='ocrx_word' id='word_1_486' title='bbox 1109 791 1215 838; x_wconf 89' lang='lat' dir='ltr'><em>incola.</em></span> <span class='ocrx_word' id='word_1_487' title='bbox 1233 789 1378 848; x_wconf 85' lang='lat' dir='ltr'><em>iiartyrol.</em></span> <span class='ocrx_word' id='word_1_488' title='bbox 1403 791 1521 850; x_wconf 86' lang='lat' dir='ltr'><em>priorat.</em></span> <span class='ocrx_word' id='word_1_489' title='bbox 1541 791 1567 838; x_wconf 87' lang='lat' dir='ltr'><em>S.</em></span> 
     </span>
     <span class='ocr_line' id='line_1_90' title="bbox 932 851 1569 900; baseline 0.003 -2"><span class='ocrx_word' id='word_1_490' title='bbox 932 853 1022 898; x_wconf 87' lang='lat' dir='ltr'><em>Meni.</em></span> <span class='ocrx_word' id='word_1_491' title='bbox 1037 851 1112 898; x_wconf 79' lang='lat' dir='ltr'><em>lis:</em></span> <span class='ocrx_word' id='word_1_492' title='bbox 1130 851 1328 898; x_wconf 86' lang='lat' dir='ltr'><em>Ordinuuimus</em></span> <span class='ocrx_word' id='word_1_493' title='bbox 1349 857 1374 898; x_wconf 90' lang='lat' dir='ltr'><em>ei</em></span> <span class='ocrx_word' id='word_1_494' title='bbox 1396 851 1569 900; x_wconf 81' lang='lat' dir='ltr'><em>concedimus</em></span> 
     </span>
     <span class='ocr_line' id='line_1_91' title="bbox 932 909 1569 970; baseline 0.003 -14"><span class='ocrx_word' id='word_1_495' title='bbox 932 915 972 966; x_wconf 86' lang='lat' dir='ltr'><em>ut,</em></span> <span class='ocrx_word' id='word_1_496' title='bbox 981 911 1096 970; x_wconf 75' lang='lat' dir='ltr'><em>jubente</em></span> <span class='ocrx_word' id='word_1_497' title='bbox 1109 911 1174 968; x_wconf 89' lang='lat' dir='ltr'><em>Dea,</em></span> <span class='ocrx_word' id='word_1_498' title='bbox 1187 911 1313 958; x_wconf 81' lang='lat' dir='ltr'><em>erunibus</em></span> <span class='ocrx_word' id='word_1_499' title='bbox 1330 909 1569 970; x_wconf 80' lang='lat' dir='ltr'><em>Custrafironsibus</em></span> 
     </span>
     <span class='ocr_line' id='line_1_92' title="bbox 932 971 1570 1030; baseline -0.003 -12"><span class='ocrx_word' id='word_1_500' title='bbox 932 971 1121 1018; x_wconf 78' lang='lat' dir='ltr'><em>habitantibus</em></span> <span class='ocrx_word' id='word_1_501' title='bbox 1149 973 1178 1016; x_wconf 88' lang='lat' dir='ltr'><em>in</em></span> <span class='ocrx_word' id='word_1_502' title='bbox 1203 979 1376 1030; x_wconf 80' lang='lat' dir='ltr'><em>perpetuum,</em></span> <span class='ocrx_word' id='word_1_503' title='bbox 1404 971 1481 1018; x_wconf 90' lang='lat' dir='ltr'><em>nullo</em></span> <span class='ocrx_word' id='word_1_504' title='bbox 1506 983 1570 1018; x_wconf 89' lang='lat' dir='ltr'><em>can·</em></span> 
     </span>
    </p>
   </div>
   <div class='ocr_carea' id='block_1_16' title="bbox 1892 221 2253 286">
    <p class='ocr_par' dir='ltr' id='par_1_24' title="bbox 1892 221 2253 286">
     <span class='ocr_line' id='line_1_93' title="bbox 1892 221 2253 286; baseline 0.011 -4"><span class='ocrx_word' id='word_1_505' title='bbox 1892 221 1965 282; x_wconf 78' lang='lat' dir='ltr'><em>CAS</em></span> <span class='ocrx_word' id='word_1_506' title='bbox 2189 223 2253 286; x_wconf 77' lang='lat' dir='ltr'><em>als</em></span> 
     </span>
    </p>
   </div>
   <div class='ocr_carea' id='block_1_17' title="bbox 1617 373 2253 436">
    <p class='ocr_par' dir='ltr' id='par_1_25' title="bbox 1617 373 2253 436">
     <span class='ocr_line' id='line_1_94' title="bbox 1617 373 2253 436; baseline 0.009 -12"><span class='ocrx_word' id='word_1_507' title='bbox 1617 379 1776 436; x_wconf 84' lang='lat' dir='ltr'><em>Episcopus</em></span> <span class='ocrx_word' id='word_1_508' title='bbox 1788 373 1961 434; x_wconf 74' lang='lat' dir='ltr'><em>presidebat</em></span> <span class='ocrx_word' id='word_1_509' title='bbox 1974 377 2001 422; x_wconf 88' lang='lat' dir='ltr'><em>S.</em></span> <span class='ocrx_word' id='word_1_510' title='bbox 2014 377 2163 426; x_wconf 74' lang='lat' dir='ltr'><em>Amandus</em></span> <span class='ocrx_word' id='word_1_511' title='bbox 2177 391 2253 430; x_wconf 89' lang='lat' dir='ltr'><em>anno</em></span> 
     </span>
    </p>
   </div>
   <div class='ocr_carea' id='block_1_18' title="bbox 253 383 2254 542">
    <p class='ocr_par' dir='ltr' id='par_1_26' title="bbox 253 383 2254 542">
     <span class='ocr_line' id='line_1_95' title="bbox 253 383 2254 542; baseline -0.001 -62"><span class='ocrx_word' id='word_1_512' title='bbox 253 425 473 542; x_wconf 65' lang='lat' dir='ltr'><em>dieuraduebus</em></span> <span class='ocrx_word' id='word_1_513' title='bbox 495 439 584 476; x_wconf 82' lang='lat' dir='ltr'><em>unctu</em></span> <span class='ocrx_word' id='word_1_514' title='bbox 602 427 738 490; x_wconf 79' lang='lat' dir='ltr'><em>ferculum</em></span> <span class='ocrx_word' id='word_1_515' title='bbox 758 383 880 480; x_wconf 68' lang='lat' dir='ltr'><em>bostran</em></span> <span class='ocrx_word' id='word_1_516' title='bbox 929 435 997 484; x_wconf 77' lang='grc'><strong>1258.</strong></span> <span class='ocrx_word' id='word_1_517' title='bbox 1015 437 1044 484; x_wconf 91' lang='lat' dir='ltr'><em>in</em></span> <span class='ocrx_word' id='word_1_518' title='bbox 1062 435 1191 484; x_wconf 80' lang='lat' dir='ltr'><em>Citartul.</em></span> <span class='ocrx_word' id='word_1_519' title='bbox 1216 437 1419 494; x_wconf 75' lang='lat' dir='ltr'><em>ecetLingon.</em></span> <span class='ocrx_word' id='word_1_520' title='bbox 1439 451 1473 486; x_wconf 81' lang='lat' dir='ltr'><em>ex</em></span> <span class='ocrx_word' id='word_1_521' title='bbox 1499 441 1565 488; x_wconf 83' lang='lat' dir='ltr'><em>Gau.</em></span> <span class='ocrx_word' id='word_1_522' title='bbox 1616 437 1670 484; x_wconf 77' lang='grc'><strong>816.</strong></span> <span class='ocrx_word' id='word_1_523' title='bbox 1695 435 1763 482; x_wconf 88' lang='lat' dir='ltr'><em>aute</em></span> <span class='ocrx_word' id='word_1_524' title='bbox 1787 433 1962 492; x_wconf 78' lang='lat' dir='ltr'><em>descriptam</em></span> <span class='ocrx_word' id='word_1_525' title='bbox 1989 433 2066 482; x_wconf 75' lang='lat' dir='ltr'><em>nanc</em></span> <span class='ocrx_word' id='word_1_526' title='bbox 2091 437 2254 486; x_wconf 71' lang='lat' dir='ltr'><em>Galliarum</em></span> 
     </span>
    </p>
   </div>
   <div class='ocr_carea' id='block_1_19' title="bbox 1617 493 2257 1024">
    <p class='ocr_par' dir='ltr' id='par_1_27' title="bbox 1617 493 2257 1024">
     <span class='ocr_line' id='line_1_96' title="bbox 1617 493 2254 550; baseline 0.002 -8"><span class='ocrx_word' id='word_1_527' title='bbox 1617 493 1768 550; x_wconf 80' lang='lat' dir='ltr'><em>Notitiam,</em></span> <span class='ocrx_word' id='word_1_528' title='bbox 1797 501 1885 550; x_wconf 84' lang='lat' dir='ltr'><em>quam</em></span> <span class='ocrx_word' id='word_1_529' title='bbox 1919 493 2090 550; x_wconf 88' lang='lat' dir='ltr'><em>Imperatori</em></span> <span class='ocrx_word' id='word_1_530' title='bbox 2126 495 2254 544; x_wconf 85' lang='lat' dir='ltr'><em>Honorio</em></span> 
     </span>
     <span class='ocr_line' id='line_1_97' title="bbox 1617 549 2254 608; baseline 0 -8"><span class='ocrx_word' id='word_1_531' title='bbox 1617 565 1683 600; x_wconf 89' lang='lat' dir='ltr'><em>cnm</em></span> <span class='ocrx_word' id='word_1_532' title='bbox 1701 551 1768 598; x_wconf 78' lang='lat' dir='ltr'><em>ciris</em></span> <span class='ocrx_word' id='word_1_533' title='bbox 1781 549 1902 596; x_wconf 88' lang='lat' dir='ltr'><em>eruditis</em></span> <span class='ocrx_word' id='word_1_534' title='bbox 1918 551 2066 608; x_wconf 86' lang='lat' dir='ltr'><em>acceptam</em></span> <span class='ocrx_word' id='word_1_535' title='bbox 2092 553 2254 602; x_wconf 75' lang='lat' dir='ltr'><em>referimus</em></span> 
     </span>
     <span class='ocr_line' id='line_1_98' title="bbox 1617 607 2256 668; baseline 0.005 -12"><span class='ocrx_word' id='word_1_536' title='bbox 1617 613 1722 660; x_wconf 88' lang='lat' dir='ltr'><em>Verum</em></span> <span class='ocrx_word' id='word_1_537' title='bbox 1736 609 1851 668; x_wconf 82' lang='lat' dir='ltr'><em>quidem</em></span> <span class='ocrx_word' id='word_1_538' title='bbox 1869 607 1957 656; x_wconf 90' lang='lat' dir='ltr'><em>estin</em></span> <span class='ocrx_word' id='word_1_539' title='bbox 1974 609 2109 656; x_wconf 88' lang='lat' dir='ltr'><em>omnibus</em></span> <span class='ocrx_word' id='word_1_540' title='bbox 2133 613 2190 658; x_wconf 85' lang='lat' dir='ltr'><em>iere</em></span> <span class='ocrx_word' id='word_1_541' title='bbox 2208 611 2256 658; x_wconf 86' lang='lat' dir='ltr'><em>Ci-</em></span> 
     </span>
     <span class='ocr_line' id='line_1_99' title="bbox 1617 667 2256 726; baseline 0.003 -10"><span class='ocrx_word' id='word_1_542' title='bbox 1617 671 1746 718; x_wconf 83' lang='lat' dir='ltr'><em>vituu&#39;lms</em></span> <span class='ocrx_word' id='word_1_543' title='bbox 1773 669 1853 716; x_wconf 87' lang='lat' dir='ltr'><em>sedes</em></span> <span class='ocrx_word' id='word_1_544' title='bbox 1880 667 2066 726; x_wconf 86' lang='lat' dir='ltr'><em>Episcopales</em></span> <span class='ocrx_word' id='word_1_545' title='bbox 2093 669 2197 724; x_wconf 84' lang='lat' dir='ltr'><em>tuisse,</em></span> <span class='ocrx_word' id='word_1_546' title='bbox 2225 673 2256 718; x_wconf 87' lang='lat' dir='ltr'><em>in</em></span> 
     </span>
     <span class='ocr_line' id='line_1_100' title="bbox 1619 727 2257 788; baseline 0 -13"><span class='ocrx_word' id='word_1_547' title='bbox 1619 729 1722 776; x_wconf 86' lang='lat' dir='ltr'><em>Castris</em></span> <span class='ocrx_word' id='word_1_548' title='bbox 1749 727 1846 774; x_wconf 85' lang='lat' dir='ltr'><em>autern</em></span> <span class='ocrx_word' id='word_1_549' title='bbox 1873 737 1982 788; x_wconf 83' lang='lat' dir='ltr'><em>paucas</em></span> <span class='ocrx_word' id='word_1_550' title='bbox 2011 727 2150 786; x_wconf 85' lang='lat' dir='ltr'><em>reperiri;</em></span> <span class='ocrx_word' id='word_1_551' title='bbox 2181 729 2257 776; x_wconf 88' lang='lat' dir='ltr'><em>unde</em></span> 
     </span>
     <span class='ocr_line' id='line_1_101' title="bbox 1619 785 2257 846; baseline 0 -12"><span class='ocrx_word' id='word_1_552' title='bbox 1619 789 1728 836; x_wconf 86' lang='lat' dir='ltr'><em>iactum</em></span> <span class='ocrx_word' id='word_1_553' title='bbox 1742 789 1794 846; x_wconf 90' lang='lat' dir='ltr'><em>est,</em></span> <span class='ocrx_word' id='word_1_554' title='bbox 1809 787 1841 834; x_wconf 92' lang='lat' dir='ltr'><em>ut</em></span> <span class='ocrx_word' id='word_1_555' title='bbox 1854 787 1971 846; x_wconf 85' lang='lat' dir='ltr'><em>quidam</em></span> <span class='ocrx_word' id='word_1_556' title='bbox 1989 785 2120 832; x_wconf 82' lang='lat' dir='ltr'><em>Ciuitates</em></span> <span class='ocrx_word' id='word_1_557' title='bbox 2132 785 2257 834; x_wconf 72' lang='lat' dir='ltr'><em>dixerint</em></span> 
     </span>
     <span class='ocr_line' id='line_1_102' title="bbox 1619 843 2255 908; baseline 0 -14"><span class='ocrx_word' id='word_1_558' title='bbox 1619 847 1810 908; x_wconf 79' lang='lat' dir='ltr'><em>Episcopatus</em></span> <span class='ocrx_word' id='word_1_559' title='bbox 1823 847 1850 894; x_wconf 85' lang='lat' dir='ltr'><em>et</em></span> <span class='ocrx_word' id='word_1_560' title='bbox 1863 845 1962 894; x_wconf 86' lang='lat' dir='ltr'><em>Castra</em></span> <span class='ocrx_word' id='word_1_561' title='bbox 1980 843 2066 892; x_wconf 90' lang='lat' dir='ltr'><em>urbes</em></span> <span class='ocrx_word' id='word_1_562' title='bbox 2079 843 2255 906; x_wconf 78' lang='lat' dir='ltr'><em>Episcopatu</em></span> 
     </span>
     <span class='ocr_line' id='line_1_103' title="bbox 1619 905 2256 964; baseline -0.006 -10"><span class='ocrx_word' id='word_1_563' title='bbox 1619 907 1785 964; x_wconf 77' lang='lat' dir='ltr'><em>destitutae,</em></span> <span class='ocrx_word' id='word_1_564' title='bbox 1799 907 1831 954; x_wconf 88' lang='lat' dir='ltr'><em>ut</em></span> <span class='ocrx_word' id='word_1_565' title='bbox 1846 907 1983 954; x_wconf 85' lang='lat' dir='ltr'><em>laudatus</em></span> <span class='ocrx_word' id='word_1_566' title='bbox 2000 905 2127 964; x_wconf 79' lang='lat' dir='ltr'><em>scriptor</em></span> <span class='ocrx_word' id='word_1_567' title='bbox 2141 907 2214 952; x_wconf 77' lang='lat' dir='ltr'><em>Vita</em></span> <span class='ocrx_word' id='word_1_568' title='bbox 2228 907 2256 952; x_wconf 87' lang='lat' dir='ltr'><em>S.</em></span> 
     </span>
     <span class='ocr_line' id='line_1_104' title="bbox 1619 965 2257 1024; baseline 0 -12"><span class='ocrx_word' id='word_1_569' title='bbox 1619 967 1747 1014; x_wconf 73' lang='lat' dir='ltr'><em>ricuardi</em></span> <span class='ocrx_word' id='word_1_570' title='bbox 1762 983 1767 1012; x_wconf 75' lang='grc' dir='ltr'><em>ι</em></span> <span class='ocrx_word' id='word_1_571' title='bbox 1782 979 1838 1014; x_wconf 92' lang='lat' dir='ltr'><em>non</em></span> <span class='ocrx_word' id='word_1_572' title='bbox 1854 967 1931 1014; x_wconf 90' lang='lat' dir='ltr'><em>idem</em></span> <span class='ocrx_word' id='word_1_573' title='bbox 1946 967 2042 1014; x_wconf 89' lang='lat' dir='ltr'><em>tamen</em></span> <span class='ocrx_word' id='word_1_574' title='bbox 2062 965 2131 1012; x_wconf 90' lang='lat' dir='ltr'><em>sunt</em></span> <span class='ocrx_word' id='word_1_575' title='bbox 2143 965 2257 1024; x_wconf 79' lang='lat' dir='ltr'><em>Episco-</em></span> 
     </span>
    </p>
   </div>
   <div class='ocr_carea' id='block_1_20' title="bbox 932 1025 2257 1092">
    <p class='ocr_par' dir='ltr' id='par_1_28' title="bbox 932 1025 2257 1092">
     <span class='ocr_line' id='line_1_105' title="bbox 932 1025 2257 1092; baseline -0.006 -14"><span class='ocrx_word' id='word_1_576' title='bbox 932 1029 1096 1092; x_wconf 86' lang='lat' dir='ltr'><em>tradicente,</em></span> <span class='ocrx_word' id='word_1_577' title='bbox 1109 1033 1253 1092; x_wconf 77' lang='lat' dir='ltr'><em>sepultura</em></span> <span class='ocrx_word' id='word_1_578' title='bbox 1268 1031 1359 1078; x_wconf 88' lang='lat' dir='ltr'><em>detur.</em></span> <span class='ocrx_word' id='word_1_579' title='bbox 1374 1031 1446 1078; x_wconf 90' lang='lat' dir='ltr'><em>Vide</em></span> <span class='ocrx_word' id='word_1_580' title='bbox 1460 1033 1491 1078; x_wconf 87' lang='lat' dir='ltr'><em>in</em></span> <span class='ocrx_word' id='word_1_581' title='bbox 1508 1029 1569 1078; x_wconf 88' lang='lat' dir='ltr'><em>Cas·</em></span> <span class='ocrx_word' id='word_1_582' title='bbox 1616 1027 1744 1084; x_wconf 80' lang='lat' dir='ltr'><em>putuset</em></span> <span class='ocrx_word' id='word_1_583' title='bbox 1759 1025 1869 1084; x_wconf 86' lang='lat' dir='ltr'><em>Civitas,</em></span> <span class='ocrx_word' id='word_1_584' title='bbox 1884 1037 1974 1084; x_wconf 83' lang='lat' dir='ltr'><em>neque</em></span> <span class='ocrx_word' id='word_1_585' title='bbox 1999 1025 2128 1072; x_wconf 88' lang='lat' dir='ltr'><em>Castrum</em></span> <span class='ocrx_word' id='word_1_586' title='bbox 2144 1035 2203 1072; x_wconf 89' lang='lat' dir='ltr'><em>sem</em></span> <span class='ocrx_word' id='word_1_587' title='bbox 2226 1035 2257 1072; x_wconf 89' lang='lat' dir='ltr'><em>er</em></span> 
     </span>
    </p>
   </div>
   <div class='ocr_carea' id='block_1_21' title="bbox 932 1097 1571 1390">
    <p class='ocr_par' dir='ltr' id='par_1_29' title="bbox 932 1097 1016 1138">
     <span class='ocr_line' id='line_1_106' title="bbox 932 1097 1016 1138; baseline 0 0"><span class='ocrx_word' id='word_1_588' title='bbox 932 1097 1016 1138; x_wconf 74' lang='lat' dir='ltr'><em>imam.</em></span> 
     </span>
    </p>

    <p class='ocr_par' dir='ltr' id='par_1_30' title="bbox 933 1149 1571 1390">
     <span class='ocr_line' id='line_1_107' title="bbox 990 1149 1568 1210; baseline -0.003 -12.089"><span class='ocrx_word' id='word_1_589' title='bbox 990 1149 1200 1208; x_wconf 78' lang='lat' dir='ltr'><em>CASTROCLUS,</em></span> <span class='ocrx_word' id='word_1_590' title='bbox 1214 1151 1431 1210; x_wconf 79' lang='lat' dir='ltr'><em>Hircoscaper,</em></span> <span class='ocrx_word' id='word_1_591' title='bbox 1447 1149 1568 1208; x_wconf 84' lang='lat' dir='ltr'><em>Hispan.</em></span> 
     </span>
     <span class='ocr_line' id='line_1_108' title="bbox 935 1207 1571 1268; baseline -0.008 -10"><span class='ocrx_word' id='word_1_592' title='bbox 935 1211 1060 1258; x_wconf 90' lang='lat' dir='ltr'><em>Castron.</em></span> <span class='ocrx_word' id='word_1_593' title='bbox 1077 1211 1149 1258; x_wconf 84' lang='lat' dir='ltr'><em>stat.</em></span> <span class='ocrx_word' id='word_1_594' title='bbox 1165 1209 1354 1266; x_wconf 80' lang='lat' dir='ltr'><em>Montis-neg.</em></span> <span class='ocrx_word' id='word_1_595' title='bbox 1370 1219 1436 1268; x_wconf 75' lang='lat' dir='ltr'><em>pag.</em></span> <span class='ocrx_word' id='word_1_596' title='bbox 1451 1209 1516 1256; x_wconf 70' lang='grc'><strong>2611</strong></span> <span class='ocrx_word' id='word_1_597' title='bbox 1533 1207 1571 1254; x_wconf 87' lang='lat' dir='ltr'><em>Ei</em></span> 
     </span>
     <span class='ocr_line' id='line_1_109' title="bbox 933 1267 1571 1330; baseline -0.011 -12"><span class='ocrx_word' id='word_1_598' title='bbox 933 1285 989 1318; x_wconf 91' lang='lat' dir='ltr'><em>non</em></span> <span class='ocrx_word' id='word_1_599' title='bbox 1004 1277 1110 1330; x_wconf 75' lang='lat' dir='ltr'><em>possint</em></span> <span class='ocrx_word' id='word_1_600' title='bbox 1125 1283 1175 1318; x_wconf 91' lang='lat' dir='ltr'><em>uec</em></span> <span class='ocrx_word' id='word_1_601' title='bbox 1196 1269 1311 1316; x_wconf 87' lang='lat' dir='ltr'><em>debeant</em></span> <span class='ocrx_word' id='word_1_602' title='bbox 1334 1267 1450 1316; x_wconf 74' lang='lat' dir='ltr'><em>cendam</em></span> <span class='ocrx_word' id='word_1_603' title='bbox 1472 1279 1571 1316; x_wconf 84' lang='lat' dir='ltr'><em>carues</em></span> 
     </span>
     <span class='ocr_line' id='line_1_110' title="bbox 936 1327 1570 1390; baseline 0 -12"><span class='ocrx_word' id='word_1_604' title='bbox 936 1329 1071 1390; x_wconf 74' lang='lat' dir='ltr'><em>Casirouli</em></span> <span class='ocrx_word' id='word_1_605' title='bbox 1086 1329 1134 1378; x_wconf 92' lang='lat' dir='ltr'><em>sub</em></span> <span class='ocrx_word' id='word_1_606' title='bbox 1148 1329 1258 1378; x_wconf 88' lang='lat' dir='ltr'><em>nominc</em></span> <span class='ocrx_word' id='word_1_607' title='bbox 1271 1329 1400 1386; x_wconf 88' lang='lat' dir='ltr'><em>castroni,</em></span> <span class='ocrx_word' id='word_1_608' title='bbox 1412 1327 1461 1374; x_wconf 87' lang='lat' dir='ltr'><em>sub</em></span> <span class='ocrx_word' id='word_1_609' title='bbox 1475 1329 1570 1378; x_wconf 84' lang='lat' dir='ltr'><em>eadem</em></span> 
     </span>
    </p>
   </div>
   <div class='ocr_carea' id='block_1_22' title="bbox 931 1403 1571 1504">
    <p class='ocr_par' dir='ltr' id='par_1_31' title="bbox 931 1403 1571 1504">
     <span class='ocr_line' id='line_1_111' title="bbox 931 1403 1571 1504; baseline 0 -10"><span class='ocrx_word' id='word_1_610' title='bbox 931 1403 1205 1504; x_wconf 56' lang='grc' dir='ltr'><em>ῃαήηΟΕΑΕΤΗΟΙᾸΙΜ,</em></span> <span class='ocrx_word' id='word_1_611' title='bbox 1233 1447 1434 1496; x_wconf 80' lang='lat' dir='ltr'><em>(lastellulum.</em></span> <span class='ocrx_word' id='word_1_612' title='bbox 1464 1447 1571 1494; x_wconf 83' lang='lat' dir='ltr'><em>Charta</em></span> 
     </span>
    </p>
   </div>
   <div class='ocr_carea' id='block_1_23' title="bbox 934 1507 1574 2230">
    <p class='ocr_par' dir='ltr' id='par_1_32' title="bbox 934 1507 1574 2230">
     <span class='ocr_line' id='line_1_112' title="bbox 935 1507 1572 1558; baseline -0.006 0"><span class='ocrx_word' id='word_1_613' title='bbox 935 1509 1028 1558; x_wconf 86' lang='lat' dir='ltr'><em>Caroli</em></span> <span class='ocrx_word' id='word_1_614' title='bbox 1043 1507 1073 1556; x_wconf 82' lang='lat' dir='ltr'><em>C.</em></span> <span class='ocrx_word' id='word_1_615' title='bbox 1090 1519 1156 1556; x_wconf 89' lang='lat' dir='ltr'><em>ann.</em></span> <span class='ocrx_word' id='word_1_616' title='bbox 1169 1507 1225 1556; x_wconf 77' lang='lat' dir='ltr'><em>uri.</em></span> <span class='ocrx_word' id='word_1_617' title='bbox 1241 1511 1310 1556; x_wconf 87' lang='lat' dir='ltr'><em>tom.</em></span> <span class='ocrx_word' id='word_1_618' title='bbox 1326 1507 1349 1554; x_wconf 84' lang='lat'><em>8.</em></span> <span class='ocrx_word' id='word_1_619' title='bbox 1372 1507 1487 1556; x_wconf 82' lang='lat' dir='ltr'><em>Collect.</em></span> <span class='ocrx_word' id='word_1_620' title='bbox 1504 1507 1572 1554; x_wconf 89' lang='lat' dir='ltr'><em>His-</em></span> 
     </span>
     <span class='ocr_line' id='line_1_113' title="bbox 936 1567 1572 1628; baseline -0.009 -10"><span class='ocrx_word' id='word_1_621' title='bbox 936 1571 987 1618; x_wconf 85' lang='lat' dir='ltr'><em>ter.</em></span> <span class='ocrx_word' id='word_1_622' title='bbox 1004 1569 1106 1628; x_wconf 77' lang='lat' dir='ltr'><em>Franc-</em></span> <span class='ocrx_word' id='word_1_623' title='bbox 1119 1579 1184 1628; x_wconf 79' lang='lat' dir='ltr'><em>pag.</em></span> <span class='ocrx_word' id='word_1_624' title='bbox 1206 1567 1270 1616; x_wconf 71' lang='lat' dir='ltr'><em>ets:</em></span> <span class='ocrx_word' id='word_1_625' title='bbox 1293 1567 1337 1612; x_wconf 68' lang='lat' dir='ltr'><em>rte</em></span> <span class='ocrx_word' id='word_1_626' title='bbox 1355 1567 1443 1626; x_wconf 80' lang='lat' dir='ltr'><em>ipsius</em></span> <span class='ocrx_word' id='word_1_627' title='bbox 1467 1579 1572 1626; x_wconf 77' lang='lat' dir='ltr'><em>quaque</em></span> 
     </span>
     <span class='ocr_line' id='line_1_114' title="bbox 935 1627 1572 1688; baseline -0.006 -12"><span class='ocrx_word' id='word_1_628' title='bbox 935 1627 1162 1688; x_wconf 83' lang='lat' dir='ltr'><em>deprecationem,</em></span> <span class='ocrx_word' id='word_1_629' title='bbox 1186 1627 1373 1684; x_wconf 84' lang='lat' dir='ltr'><em>consentiente</em></span> <span class='ocrx_word' id='word_1_630' title='bbox 1392 1627 1494 1684; x_wconf 89' lang='lat' dir='ltr'><em>comite,</em></span> <span class='ocrx_word' id='word_1_631' title='bbox 1515 1631 1572 1672; x_wconf 89' lang='lat' dir='ltr'><em>iarn</em></span> 
     </span>
     <span class='ocr_line' id='line_1_115' title="bbox 934 1687 1571 1748; baseline 0 -14"><span class='ocrx_word' id='word_1_632' title='bbox 934 1689 966 1734; x_wconf 87' lang='lat' dir='ltr'><em>in</em></span> <span class='ocrx_word' id='word_1_633' title='bbox 980 1687 1101 1736; x_wconf 87' lang='lat' dir='ltr'><em>Cusirolo</em></span> <span class='ocrx_word' id='word_1_634' title='bbox 1121 1699 1208 1748; x_wconf 84' lang='lat' dir='ltr'><em>prope</em></span> <span class='ocrx_word' id='word_1_635' title='bbox 1229 1687 1286 1748; x_wconf 78' lang='lat' dir='ltr'><em>ipsa</em></span> <span class='ocrx_word' id='word_1_636' title='bbox 1308 1687 1473 1744; x_wconf 88' lang='lat' dir='ltr'><em>castellaria,</em></span> <span class='ocrx_word' id='word_1_637' title='bbox 1488 1699 1571 1746; x_wconf 80' lang='lat' dir='ltr'><em>quam</em></span> 
     </span>
     <span class='ocr_line' id='line_1_116' title="bbox 935 1747 1515 1808; baseline -0.007 -12"><span class='ocrx_word' id='word_1_638' title='bbox 935 1753 962 1796; x_wconf 90' lang='lat' dir='ltr'><em>et</em></span> <span class='ocrx_word' id='word_1_639' title='bbox 972 1747 1002 1794; x_wconf 90' lang='lat' dir='ltr'><em>in</em></span> <span class='ocrx_word' id='word_1_640' title='bbox 1015 1747 1275 1808; x_wconf 66' lang='lat' dir='ltr'><em>retransmissa.</em></span> <span class='ocrx_word' id='word_1_641' title='bbox 1290 1747 1361 1796; x_wconf 90' lang='lat' dir='ltr'><em>Vide</em></span> <span class='ocrx_word' id='word_1_642' title='bbox 1379 1747 1515 1796; x_wconf 85' lang='lat' dir='ltr'><em>Castrum.</em></span> 
     </span>
     <span class='ocr_line' id='line_1_117' title="bbox 966 1807 1436 1882; baseline 0.004 -26"><span class='ocrx_word' id='word_1_643' title='bbox 966 1807 1182 1882; x_wconf 44' lang='lat' dir='ltr'><em>{CASTRONES</em></span> <span class='ocrx_word' id='word_1_644' title='bbox 1196 1809 1267 1858; x_wconf 85' lang='lat' dir='ltr'><em>Vide</em></span> <span class='ocrx_word' id='word_1_645' title='bbox 1281 1809 1312 1856; x_wconf 83' lang='lat' dir='ltr'><em>in</em></span> <span class='ocrx_word' id='word_1_646' title='bbox 1331 1807 1436 1858; x_wconf 86' lang='lat' dir='ltr'><em>Castor.</em></span> 
     </span>
     <span class='ocr_line' id='line_1_118' title="bbox 965 1867 1571 1926; baseline -0.003 -8"><span class='ocrx_word' id='word_1_647' title='bbox 965 1867 1185 1926; x_wconf 60' lang='lat' dir='ltr'><em>accersentia,</em></span> <span class='ocrx_word' id='word_1_648' title='bbox 1199 1869 1316 1926; x_wconf 78' lang='lat' dir='ltr'><em>Verres,</em></span> <span class='ocrx_word' id='word_1_649' title='bbox 1330 1869 1405 1918; x_wconf 89' lang='lat' dir='ltr'><em>aries</em></span> <span class='ocrx_word' id='word_1_650' title='bbox 1417 1869 1571 1924; x_wconf 77' lang='lat' dir='ltr'><em>castratus</em></span> 
     </span>
     <span class='ocr_line' id='line_1_119' title="bbox 935 1927 1571 1978; baseline -0.002 -2"><span class='ocrx_word' id='word_1_651' title='bbox 935 1927 1000 1978; x_wconf 89' lang='lat' dir='ltr'><em>Ital.</em></span> <span class='ocrx_word' id='word_1_652' title='bbox 1019 1931 1158 1978; x_wconf 87' lang='lat' dir='ltr'><em>Cusirone.</em></span> <span class='ocrx_word' id='word_1_653' title='bbox 1176 1931 1248 1978; x_wconf 82' lang='lat' dir='ltr'><em>Stat.</em></span> <span class='ocrx_word' id='word_1_654' title='bbox 1274 1931 1401 1978; x_wconf 81' lang='lat' dir='ltr'><em>Placent.</em></span> <span class='ocrx_word' id='word_1_655' title='bbox 1419 1929 1466 1978; x_wconf 90' lang='lat' dir='ltr'><em>lib.</em></span> <span class='ocrx_word' id='word_1_656' title='bbox 1483 1929 1507 1978; x_wconf 88' lang='lat'><em>5.</em></span> <span class='ocrx_word' id='word_1_657' title='bbox 1523 1928 1571 1977; x_wconf 85' lang='lat' dir='ltr'><em>iol.</em></span> 
     </span>
     <span class='ocr_line' id='line_1_120' title="bbox 935 1989 1572 2050; baseline 0 -14"><span class='ocrx_word' id='word_1_658' title='bbox 935 1989 974 2036; x_wconf 81' lang='lat' dir='ltr'><em>st.</em></span> <span class='ocrx_word' id='word_1_659' title='bbox 987 2001 1028 2036; x_wconf 73' lang='lat' dir='ltr'><em>rr:</em></span> <span class='ocrx_word' id='word_1_660' title='bbox 1043 1989 1128 2038; x_wconf 89' lang='lat' dir='ltr'><em>Nulla</em></span> <span class='ocrx_word' id='word_1_661' title='bbox 1144 2001 1293 2050; x_wconf 79' lang='lat' dir='ltr'><em>persona...</em></span> <span class='ocrx_word' id='word_1_662' title='bbox 1310 1989 1411 2038; x_wconf 83' lang='lat' dir='ltr'><em>audeat</em></span> <span class='ocrx_word' id='word_1_663' title='bbox 1425 1993 1518 2038; x_wconf 90' lang='lat' dir='ltr'><em>tenere</em></span> <span class='ocrx_word' id='word_1_664' title='bbox 1532 1989 1572 2036; x_wconf 90' lang='lat' dir='ltr'><em>in-</em></span> 
     </span>
     <span class='ocr_line' id='line_1_121' title="bbox 935 2047 1573 2110; baseline -0.002 -14"><span class='ocrx_word' id='word_1_665' title='bbox 935 2051 981 2110; x_wconf 78' lang='lat' dir='ltr'><em>fru</em></span> <span class='ocrx_word' id='word_1_666' title='bbox 994 2047 1116 2110; x_wconf 80' lang='lat' dir='ltr'><em>confinio</em></span> <span class='ocrx_word' id='word_1_667' title='bbox 1128 2051 1247 2098; x_wconf 83' lang='lat' dir='ltr'><em>ciuitatis</em></span> <span class='ocrx_word' id='word_1_668' title='bbox 1262 2049 1422 2108; x_wconf 72' lang='lat' dir='ltr'><em>Placentiae,</em></span> <span class='ocrx_word' id='word_1_669' title='bbox 1442 2063 1459 2098; x_wconf 93' lang='lat' dir='ltr'><em>a</em></span> <span class='ocrx_word' id='word_1_670' title='bbox 1475 2049 1573 2098; x_wconf 86' lang='lat' dir='ltr'><em>Calen-</em></span> 
     </span>
     <span class='ocr_line' id='line_1_122' title="bbox 936 2109 1574 2170; baseline 0.002 -14"><span class='ocrx_word' id='word_1_671' title='bbox 936 2111 978 2156; x_wconf 87' lang='lat' dir='ltr'><em>dis</em></span> <span class='ocrx_word' id='word_1_672' title='bbox 1001 2109 1214 2170; x_wconf 80' lang='lat' dir='ltr'><em>Aprilisusque</em></span> <span class='ocrx_word' id='word_1_673' title='bbox 1241 2109 1280 2158; x_wconf 79' lang='lat' dir='ltr'><em>uel</em></span> <span class='ocrx_word' id='word_1_674' title='bbox 1304 2111 1428 2158; x_wconf 87' lang='lat' dir='ltr'><em>medinm</em></span> <span class='ocrx_word' id='word_1_675' title='bbox 1452 2123 1574 2158; x_wconf 88' lang='lat' dir='ltr'><em>mensem</em></span> 
     </span>
     <span class='ocr_line' id='line_1_123' title="bbox 938 2167 1573 2230; baseline 0 -14"><span class='ocrx_word' id='word_1_676' title='bbox 938 2167 1065 2226; x_wconf 87' lang='lat' dir='ltr'><em>Octobris,</em></span> <span class='ocrx_word' id='word_1_677' title='bbox 1090 2169 1236 2216; x_wconf 90' lang='lat' dir='ltr'><em>Castronos</em></span> <span class='ocrx_word' id='word_1_678' title='bbox 1266 2171 1306 2218; x_wconf 86' lang='lat' dir='ltr'><em>ccl</em></span> <span class='ocrx_word' id='word_1_679' title='bbox 1332 2183 1440 2230; x_wconf 83' lang='lat' dir='ltr'><em>coprus,</em></span> <span class='ocrx_word' id='word_1_680' title='bbox 1463 2171 1573 2230; x_wconf 85' lang='lat' dir='ltr'><em>aliquus</em></span> 
     </span>
    </p>
   </div>
   <div class='ocr_carea' id='block_1_24' title="bbox 255 2229 1573 2349">
    <p class='ocr_par' dir='ltr' id='par_1_33' title="bbox 255 2229 1573 2349">
     <span class='ocr_line' id='line_1_124' title="bbox 255 2229 1573 2349; baseline -0.04 2"><span class='ocrx_word' id='word_1_681' title='bbox 255 2313 258 2320; x_wconf 49' lang='lat'><strong><em>¹</em></strong></span> <span class='ocrx_word' id='word_1_682' title='bbox 290 2287 523 2348; x_wconf 70' lang='lat' dir='ltr'><em>*cssrnrcasrr</em></span> <span class='ocrx_word' id='word_1_683' title='bbox 547 2288 716 2349; x_wconf 70' lang='lat' dir='ltr'><em>[renutans</em></span> <span class='ocrx_word' id='word_1_684' title='bbox 737 2291 803 2338; x_wconf 79' lang='lat' dir='ltr'><em>eun</em></span> <span class='ocrx_word' id='word_1_685' title='bbox 820 2263 903 2336; x_wconf 74' lang='lat' dir='ltr'><em>cas-T</em></span> <span class='ocrx_word' id='word_1_686' title='bbox 936 2229 1050 2276; x_wconf 52' lang='lat' dir='ltr'><em>vam</em></span> <span class='ocrx_word' id='word_1_687' title='bbox 1073 2229 1106 2276; x_wconf 46' lang='grc' dir='ltr'><em>ἀρ</em></span> <span class='ocrx_word' id='word_1_688' title='bbox 1123 2229 1255 2278; x_wconf 55' lang='lat' dir='ltr'><em>mmm</em></span> <span class='ocrx_word' id='word_1_689' title='bbox 1280 2231 1321 2276; x_wconf 70' lang='lat'><em>&#39;²²²</em></span> <span class='ocrx_word' id='word_1_690' title='bbox 1345 2235 1496 2284; x_wconf 66' lang='grc'><strong>808888·</strong></span> <span class='ocrx_word' id='word_1_691' title='bbox 1523 2237 1573 2278; x_wconf 61' lang='grc'><strong>68·</strong></span> 
     </span>
    </p>
   </div>
   <div class='ocr_carea' id='block_1_25' title="bbox 937 2287 1576 2830">
    <p class='ocr_par' dir='ltr' id='par_1_34' title="bbox 937 2287 1575 2530">
     <span class='ocr_line' id='line_1_125' title="bbox 938 2287 1574 2352; baseline -0.006 -14"><span class='ocrx_word' id='word_1_692' title='bbox 938 2289 1074 2338; x_wconf 84' lang='lat' dir='ltr'><em>convent.</em></span> <span class='ocrx_word' id='word_1_693' title='bbox 1089 2289 1189 2338; x_wconf 83' lang='lat' dir='ltr'><em>Saonae</em></span> <span class='ocrx_word' id='word_1_694' title='bbox 1202 2301 1271 2338; x_wconf 87' lang='lat' dir='ltr'><em>ann.</em></span> <span class='ocrx_word' id='word_1_695' title='bbox 1286 2289 1364 2338; x_wconf 80' lang='lat'>1526:</span> <span class='ocrx_word' id='word_1_696' title='bbox 1382 2287 1435 2336; x_wconf 89' lang='lat' dir='ltr'><em>Pro</em></span> <span class='ocrx_word' id='word_1_697' title='bbox 1456 2289 1574 2352; x_wconf 80' lang='lat' dir='ltr'><em>quotibet</em></span> 
     </span>
     <span class='ocr_line' id='line_1_126' title="bbox 937 2347 1574 2410; baseline 0 -12"><span class='ocrx_word' id='word_1_698' title='bbox 937 2347 1012 2398; x_wconf 79' lang='lat' dir='ltr'><em>hado</em></span> <span class='ocrx_word' id='word_1_699' title='bbox 1023 2353 1048 2396; x_wconf 89' lang='lat' dir='ltr'><em>ei</em></span> <span class='ocrx_word' id='word_1_700' title='bbox 1068 2363 1148 2410; x_wconf 65' lang='lat' dir='ltr'><em>auno,</em></span> <span class='ocrx_word' id='word_1_701' title='bbox 1166 2349 1236 2396; x_wconf 87' lang='lat' dir='ltr'><em>scidi</em></span> <span class='ocrx_word' id='word_1_702' title='bbox 1251 2351 1304 2396; x_wconf 87' lang='lat' dir='ltr'><em>dua</em></span> <span class='ocrx_word' id='word_1_703' title='bbox 1312 2363 1322 2406; x_wconf 79' lang='lat'><em>,¹</em></span> <span class='ocrx_word' id='word_1_704' title='bbox 1331 2361 1382 2408; x_wconf 84' lang='lat' dir='ltr'><em>pra</em></span> <span class='ocrx_word' id='word_1_705' title='bbox 1395 2349 1503 2410; x_wconf 75' lang='lat' dir='ltr'><em>sinauta</em></span> <span class='ocrx_word' id='word_1_706' title='bbox 1513 2351 1574 2398; x_wconf 86' lang='lat' dir='ltr'><em>Cus-</em></span> 
     </span>
     <span class='ocr_line' id='line_1_127' title="bbox 938 2407 1575 2472; baseline 0.006 -18"><span class='ocrx_word' id='word_1_707' title='bbox 938 2413 1016 2456; x_wconf 92' lang='lat' dir='ltr'><em>irana</em></span> <span class='ocrx_word' id='word_1_708' title='bbox 1030 2413 1055 2456; x_wconf 90' lang='lat' dir='ltr'><em>ei</em></span> <span class='ocrx_word' id='word_1_709' title='bbox 1070 2413 1199 2468; x_wconf 92' lang='lat' dir='ltr'><em>motiano,</em></span> <span class='ocrx_word' id='word_1_710' title='bbox 1214 2407 1283 2458; x_wconf 82' lang='lat' dir='ltr'><em>scidi</em></span> <span class='ocrx_word' id='word_1_711' title='bbox 1296 2409 1428 2472; x_wconf 80' lang='lat' dir='ltr'><em>quinque.</em></span> <span class='ocrx_word' id='word_1_712' title='bbox 1444 2411 1515 2460; x_wconf 71' lang='lat' dir='ltr'><em>&#39;Vide</em></span> <span class='ocrx_word' id='word_1_713' title='bbox 1529 2421 1575 2460; x_wconf 85' lang='lat' dir='ltr'><em>su-</em></span> 
     </span>
     <span class='ocr_line' id='line_1_128' title="bbox 937 2469 1430 2530; baseline -0.008 -12"><span class='ocrx_word' id='word_1_714' title='bbox 937 2481 988 2530; x_wconf 88' lang='lat' dir='ltr'><em>pra</em></span> <span class='ocrx_word' id='word_1_715' title='bbox 1001 2469 1096 2516; x_wconf 90' lang='lat' dir='ltr'><em>Castra</em></span> <span class='ocrx_word' id='word_1_716' title='bbox 1117 2471 1168 2518; x_wconf 91' lang='lat' dir='ltr'><em>ius.</em></span> <span class='ocrx_word' id='word_1_717' title='bbox 1428 2511 1430 2514; x_wconf 88' lang='lat'><em>.</em></span> 
     </span>
    </p>

    <p class='ocr_par' dir='ltr' id='par_1_35' title="bbox 968 2485 1389 2590">
     <span class='ocr_line' id='line_1_129' title="bbox 968 2485 1389 2590; baseline 0 -12"><span class='ocrx_word' id='word_1_718' title='bbox 968 2527 980 2590; x_wconf 65' lang='lat' dir='ltr'><em>i</em></span> <span class='ocrx_word' id='word_1_719' title='bbox 996 2485 1141 2578; x_wconf 72' lang='lat' dir='ltr'><em>CASTRbS.</em></span> <span class='ocrx_word' id='word_1_720' title='bbox 1156 2529 1227 2578; x_wconf 87' lang='lat' dir='ltr'><em>Vide</em></span> <span class='ocrx_word' id='word_1_721' title='bbox 1243 2529 1389 2578; x_wconf 85' lang='lat' dir='ltr'><em>Chasdrus.</em></span> 
     </span>
    </p>

    <p class='ocr_par' dir='ltr' id='par_1_36' title="bbox 937 2589 1576 2830">
     <span class='ocr_line' id='line_1_130' title="bbox 968 2589 1574 2648; baseline 0 -10"><span class='ocrx_word' id='word_1_722' title='bbox 968 2591 984 2622; x_wconf 86' lang='grc'><em>8</em></span> <span class='ocrx_word' id='word_1_723' title='bbox 996 2589 1219 2648; x_wconf 77' lang='lat' dir='ltr'><em>tuernorntus</em></span> <span class='ocrx_word' id='word_1_724' title='bbox 1231 2591 1424 2648; x_wconf 81' lang='lat' dir='ltr'><em>Vervecinus;</em></span> <span class='ocrx_word' id='word_1_725' title='bbox 1441 2591 1464 2638; x_wconf 89' lang='lat' dir='ltr'><em>si</em></span> <span class='ocrx_word' id='word_1_726' title='bbox 1476 2593 1574 2638; x_wconf 89' lang='lat' dir='ltr'><em>tamen</em></span> 
     </span>
     <span class='ocr_line' id='line_1_131' title="bbox 939 2651 1575 2710; baseline 0.003 -14"><span class='ocrx_word' id='word_1_727' title='bbox 939 2651 1093 2710; x_wconf 77' lang='lat' dir='ltr'><em>legendum</em></span> <span class='ocrx_word' id='word_1_728' title='bbox 1106 2661 1163 2698; x_wconf 90' lang='lat' dir='ltr'><em>non</em></span> <span class='ocrx_word' id='word_1_729' title='bbox 1179 2651 1223 2698; x_wconf 88' lang='lat' dir='ltr'><em>est</em></span> <span class='ocrx_word' id='word_1_730' title='bbox 1236 2651 1418 2698; x_wconf 84' lang='lat' dir='ltr'><em>Cusiruiiuns.</em></span> <span class='ocrx_word' id='word_1_731' title='bbox 1432 2651 1502 2698; x_wconf 90' lang='lat' dir='ltr'><em>Vide</em></span> <span class='ocrx_word' id='word_1_732' title='bbox 1526 2663 1575 2698; x_wconf 91' lang='lat' dir='ltr'><em>su-</em></span> 
     </span>
     <span class='ocr_line' id='line_1_132' title="bbox 937 2711 1574 2818; baseline 0 -60"><span class='ocrx_word' id='word_1_733' title='bbox 937 2721 989 2818; x_wconf 60' lang='lat' dir='ltr'><em>urn</em></span> <span class='ocrx_word' id='word_1_734' title='bbox 1005 2711 1034 2758; x_wconf 91' lang='lat' dir='ltr'><em>in</em></span> <span class='ocrx_word' id='word_1_735' title='bbox 1048 2711 1102 2758; x_wconf 90' lang='lat' dir='ltr'><em>hac</em></span> <span class='ocrx_word' id='word_1_736' title='bbox 1117 2721 1193 2758; x_wconf 91' lang='lat' dir='ltr'><em>voce.</em></span> <span class='ocrx_word' id='word_1_737' title='bbox 1217 2711 1289 2758; x_wconf 88' lang='lat' dir='ltr'><em>Stat.</em></span> <span class='ocrx_word' id='word_1_738' title='bbox 1311 2711 1574 2770; x_wconf 59' lang='lat' dir='ltr'><em>Montis-regmae.</em></span> 
     </span>
     <span class='ocr_line' id='line_1_133' title="bbox 937 2771 1576 2830; baseline -0.003 -12"><span class='ocrx_word' id='word_1_739' title='bbox 937 2771 999 2818; x_wconf 66' lang='grc' dir='ltr'><em>ι671</em></span> <span class='ocrx_word' id='word_1_740' title='bbox 1028 2771 1129 2822; x_wconf 81' lang='lat' dir='ltr'><em>Nullus</em></span> <span class='ocrx_word' id='word_1_741' title='bbox 1154 2771 1331 2818; x_wconf 86' lang='lat' dir='ltr'><em>macellarius</em></span> <span class='ocrx_word' id='word_1_742' title='bbox 1334 2805 1392 2820; x_wconf 91' lang='grc'><strong>......</strong></span> <span class='ocrx_word' id='word_1_743' title='bbox 1415 2771 1502 2830; x_wconf 80' lang='lat' dir='ltr'><em>possit</em></span> <span class='ocrx_word' id='word_1_744' title='bbox 1526 2783 1576 2818; x_wconf 91' lang='lat' dir='ltr'><em>nec</em></span> 
     </span>
    </p>
   </div>
   <div class='ocr_carea' id='block_1_26' title="bbox 893 2829 1575 2890">
    <p class='ocr_par' dir='ltr' id='par_1_37' title="bbox 893 2829 1575 2890">
     <span class='ocr_line' id='line_1_134' title="bbox 893 2829 1575 2890; baseline 0.001 -14"><span class='ocrx_word' id='word_1_745' title='bbox 893 2835 894 2838; x_wconf 78' lang='grc'>’</span> <span class='ocrx_word' id='word_1_746' title='bbox 938 2829 1033 2880; x_wconf 85' lang='lat' dir='ltr'><em>debeat</em></span> <span class='ocrx_word' id='word_1_747' title='bbox 1047 2835 1142 2878; x_wconf 88' lang='lat' dir='ltr'><em>tenere</em></span> <span class='ocrx_word' id='word_1_748' title='bbox 1152 2845 1251 2878; x_wconf 86' lang='lat' dir='ltr'><em>carnes</em></span> <span class='ocrx_word' id='word_1_749' title='bbox 1263 2831 1296 2878; x_wconf 87' lang='lat' dir='ltr'><em>cle</em></span> <span class='ocrx_word' id='word_1_750' title='bbox 1310 2832 1383 2878; x_wconf 86' lang='lat' dir='ltr'><em>troia</em></span> <span class='ocrx_word' id='word_1_751' title='bbox 1404 2845 1465 2878; x_wconf 87' lang='lat' dir='ltr'><em>cum</em></span> <span class='ocrx_word' id='word_1_752' title='bbox 1483 2843 1575 2890; x_wconf 75' lang='lat' dir='ltr'><em>parca,</em></span> 
     </span>
    </p>
   </div>
   <div class='ocr_carea' id='block_1_27' title="bbox 938 2891 1578 5480">
    <p class='ocr_par' dir='ltr' id='par_1_38' title="bbox 938 2891 1578 5480">
     <span class='ocr_line' id='line_1_135' title="bbox 938 2891 1575 2948; baseline -0.002 -10"><span class='ocrx_word' id='word_1_753' title='bbox 938 2899 964 2938; x_wconf 89' lang='lat' dir='ltr'><em>ei</em></span> <span class='ocrx_word' id='word_1_754' title='bbox 974 2905 1073 2938; x_wconf 87' lang='lat' dir='ltr'><em>carnes</em></span> <span class='ocrx_word' id='word_1_755' title='bbox 1086 2891 1183 2938; x_wconf 89' lang='lat' dir='ltr'><em>avinus</em></span> <span class='ocrx_word' id='word_1_756' title='bbox 1203 2905 1265 2938; x_wconf 88' lang='lat' dir='ltr'><em>cum</em></span> <span class='ocrx_word' id='word_1_757' title='bbox 1280 2891 1455 2948; x_wconf 83' lang='lat' dir='ltr'><em>Cusiraiiuis,</em></span> <span class='ocrx_word' id='word_1_758' title='bbox 1469 2895 1494 2938; x_wconf 90' lang='lat' dir='ltr'><em>et</em></span> <span class='ocrx_word' id='word_1_759' title='bbox 1514 2903 1575 2938; x_wconf 88' lang='lat' dir='ltr'><em>car-</em></span> 
     </span>
     <span class='ocr_line' id='line_1_136' title="bbox 938 2951 1576 3012; baseline -0.003 -12"><span class='ocrx_word' id='word_1_760' title='bbox 938 2965 986 3000; x_wconf 90' lang='lat' dir='ltr'><em>nes</em></span> <span class='ocrx_word' id='word_1_761' title='bbox 1002 2953 1073 2998; x_wconf 85' lang='lat' dir='ltr'><em>bacis</em></span> <span class='ocrx_word' id='word_1_762' title='bbox 1087 2965 1149 2998; x_wconf 90' lang='lat' dir='ltr'><em>cum</em></span> <span class='ocrx_word' id='word_1_763' title='bbox 1162 2951 1299 3010; x_wconf 79' lang='lat' dir='ltr'><em>vaccinis:</em></span> <span class='ocrx_word' id='word_1_764' title='bbox 1320 2953 1368 3000; x_wconf 88' lang='lat' dir='ltr'><em>sed</em></span> <span class='ocrx_word' id='word_1_765' title='bbox 1382 2953 1457 3012; x_wconf 87' lang='lat' dir='ltr'><em>ipsus</em></span> <span class='ocrx_word' id='word_1_766' title='bbox 1472 2951 1576 3000; x_wconf 82' lang='lat' dir='ltr'><em>diuisas</em></span> 
     </span>
     <span class='ocr_line' id='line_1_137' title="bbox 939 3011 1576 3082; baseline 0.003 -24"><span class='ocrx_word' id='word_1_767' title='bbox 939 3017 1032 3082; x_wconf 82' lang='lat' dir='ltr'><em>tenere</em></span> <span class='ocrx_word' id='word_1_768' title='bbox 1067 3013 1114 3060; x_wconf 87' lang='lat' dir='ltr'><em>sub</em></span> <span class='ocrx_word' id='word_1_769' title='bbox 1145 3025 1230 3074; x_wconf 81' lang='lat' dir='ltr'><em>paena</em></span> <span class='ocrx_word' id='word_1_770' title='bbox 1258 3017 1283 3060; x_wconf 92' lang='lat' dir='ltr'><em>ei</em></span> <span class='ocrx_word' id='word_1_771' title='bbox 1312 3013 1410 3060; x_wconf 88' lang='lat' dir='ltr'><em>banna</em></span> <span class='ocrx_word' id='word_1_772' title='bbox 1427 3011 1576 3062; x_wconf 86' lang='lat' dir='ltr'><em>solidarum</em></span> 
     </span>
     <span class='ocr_line' id='line_1_138' title="bbox 957 3085 1071 3132; baseline 0 -12"><span class='ocrx_word' id='word_1_773' title='bbox 957 3085 1071 3132; x_wconf 78' lang='lat' dir='ltr'><em>utaque.</em></span> 
     </span>
     <span class='ocr_line' id='line_1_139' title="bbox 939 3087 1575 3190; baseline -0.002 -10"><span class='ocrx_word' id='word_1_774' title='bbox 939 3087 954 3134; x_wconf 61' lang='lat' dir='ltr'><strong><em>q</em></strong></span> <span class='ocrx_word' id='word_1_775' title='bbox 970 3131 1130 3182; x_wconf 80' lang='lat' dir='ltr'><em>CASTRUM.</em></span> <span class='ocrx_word' id='word_1_776' title='bbox 1143 3133 1273 3180; x_wconf 86' lang='lat' dir='ltr'><em>Isidorus</em></span> <span class='ocrx_word' id='word_1_777' title='bbox 1295 3133 1313 3178; x_wconf 96' lang='lat' dir='ltr'><em>l.</em></span> <span class='ocrx_word' id='word_1_778' title='bbox 1329 3133 1352 3180; x_wconf 88' lang='grc'><em>9.</em></span> <span class='ocrx_word' id='word_1_779' title='bbox 1370 3131 1447 3190; x_wconf 82' lang='lat' dir='ltr'><em>Orig.</em></span> <span class='ocrx_word' id='word_1_780' title='bbox 1466 3143 1527 3190; x_wconf 84' lang='lat' dir='ltr'><em>cap.</em></span> <span class='ocrx_word' id='word_1_781' title='bbox 1541 3133 1575 3180; x_wconf 85' lang='lat'><em>3:</em></span> 
     </span>
     <span class='ocr_line' id='line_1_140' title="bbox 940 3189 1576 3242; baseline -0.006 0"><span class='ocrx_word' id='word_1_782' title='bbox 940 3193 1038 3242; x_wconf 91' lang='lat' dir='ltr'><em>Castra</em></span> <span class='ocrx_word' id='word_1_783' title='bbox 1052 3195 1119 3240; x_wconf 88' lang='lat' dir='ltr'><em>suut</em></span> <span class='ocrx_word' id='word_1_784' title='bbox 1140 3193 1185 3238; x_wconf 84' lang='lat' dir='ltr'><em>ubi</em></span> <span class='ocrx_word' id='word_1_785' title='bbox 1202 3193 1304 3240; x_wconf 88' lang='lat' dir='ltr'><em>milites</em></span> <span class='ocrx_word' id='word_1_786' title='bbox 1325 3197 1479 3240; x_wconf 86' lang='lat' dir='ltr'><em>steterunt:</em></span> <span class='ocrx_word' id='word_1_787' title='bbox 1501 3189 1576 3238; x_wconf 88' lang='lat' dir='ltr'><em>dicia</em></span> 
     </span>
     <span class='ocr_line' id='line_1_141' title="bbox 938 3251 1577 3314; baseline -0.003 -14"><span class='ocrx_word' id='word_1_788' title='bbox 938 3261 1032 3304; x_wconf 89' lang='lat' dir='ltr'><em>autem</em></span> <span class='ocrx_word' id='word_1_789' title='bbox 1049 3259 1149 3312; x_wconf 90' lang='lat' dir='ltr'><em>cusiru,</em></span> <span class='ocrx_word' id='word_1_790' title='bbox 1163 3253 1245 3314; x_wconf 83' lang='lat' dir='ltr'><em>quasi</em></span> <span class='ocrx_word' id='word_1_791' title='bbox 1265 3259 1349 3310; x_wconf 87' lang='lat' dir='ltr'><em>cusia,</em></span> <span class='ocrx_word' id='word_1_792' title='bbox 1372 3253 1413 3302; x_wconf 86' lang='lat' dir='ltr'><em>cei</em></span> <span class='ocrx_word' id='word_1_793' title='bbox 1433 3253 1505 3314; x_wconf 81' lang='lat' dir='ltr'><em>quod</em></span> <span class='ocrx_word' id='word_1_794' title='bbox 1519 3251 1577 3300; x_wconf 84' lang='lat' dir='ltr'><em>iilic</em></span> 
     </span>
     <span class='ocr_line' id='line_1_142' title="bbox 938 3313 1576 3374; baseline -0.008 -12"><span class='ocrx_word' id='word_1_795' title='bbox 938 3319 1111 3362; x_wconf 87' lang='lat' dir='ltr'><em>castraretur</em></span> <span class='ocrx_word' id='word_1_796' title='bbox 1136 3313 1226 3362; x_wconf 83' lang='lat' dir='ltr'><em>libido.</em></span> <span class='ocrx_word' id='word_1_797' title='bbox 1249 3313 1336 3362; x_wconf 86' lang='lat' dir='ltr'><em>Addit</em></span> <span class='ocrx_word' id='word_1_798' title='bbox 1358 3313 1482 3374; x_wconf 86' lang='lat' dir='ltr'><em>Papias:</em></span> <span class='ocrx_word' id='word_1_799' title='bbox 1510 3313 1576 3360; x_wconf 90' lang='lat' dir='ltr'><em>Cus-</em></span> 
     </span>
     <span class='ocr_line' id='line_1_143' title="bbox 938 3373 1576 3436; baseline -0.003 -14"><span class='ocrx_word' id='word_1_800' title='bbox 938 3381 1014 3424; x_wconf 84' lang='lat' dir='ltr'><em>irutn</em></span> <span class='ocrx_word' id='word_1_801' title='bbox 1034 3377 1096 3424; x_wconf 85' lang='lat' dir='ltr'><em>uero</em></span> <span class='ocrx_word' id='word_1_802' title='bbox 1121 3373 1311 3436; x_wconf 72' lang='lat' dir='ltr'><em>sinanturiier,</em></span> <span class='ocrx_word' id='word_1_803' title='bbox 1340 3373 1482 3434; x_wconf 80' lang='lat' dir='ltr'><em>oppidum.</em></span> <span class='ocrx_word' id='word_1_804' title='bbox 1506 3373 1576 3420; x_wconf 87' lang='lat' dir='ltr'><em>Vide</em></span> 
     </span>
     <span class='ocr_line' id='line_1_144' title="bbox 939 3435 1574 3504; baseline -0.005 -20"><span class='ocrx_word' id='word_1_805' title='bbox 939 3435 1050 3496; x_wconf 70' lang='lat' dir='ltr'><em>Burnus</em></span> <span class='ocrx_word' id='word_1_806' title='bbox 1066 3437 1094 3484; x_wconf 90' lang='lat' dir='ltr'><em>et</em></span> <span class='ocrx_word' id='word_1_807' title='bbox 1106 3435 1247 3484; x_wconf 85' lang='lat' dir='ltr'><em>derivata.</em></span> <span class='ocrx_word' id='word_1_808' title='bbox 1558 3493 1574 3504; x_wconf 89' lang='lat'><em>..</em></span> 
     </span>
     <span class='ocr_line' id='line_1_145' title="bbox 970 3495 1575 3546; baseline -0.007 0"><span class='ocrx_word' id='word_1_809' title='bbox 970 3497 1091 3546; x_wconf 76' lang='lat' dir='ltr'><em>Cusrns</em></span> <span class='ocrx_word' id='word_1_810' title='bbox 1127 3495 1269 3544; x_wconf 85' lang='lat' dir='ltr'><em>vocabant</em></span> <span class='ocrx_word' id='word_1_811' title='bbox 1305 3495 1365 3544; x_wconf 86' lang='lat' dir='ltr'><em>Scri</em></span> <span class='ocrx_word' id='word_1_812' title='bbox 1388 3495 1464 3544; x_wconf 91' lang='lat' dir='ltr'><em>tores</em></span> <span class='ocrx_word' id='word_1_813' title='bbox 1489 3495 1575 3544; x_wconf 90' lang='lat' dir='ltr'><em>medn</em></span> 
     </span>
     <span class='ocr_line' id='line_1_146' title="bbox 940 3553 1576 3616; baseline -0.003 -10"><span class='ocrx_word' id='word_1_814' title='bbox 940 3559 1000 3614; x_wconf 69' lang='lat' dir='ltr'><em>atri,</em></span> <span class='ocrx_word' id='word_1_815' title='bbox 1015 3555 1100 3606; x_wconf 90' lang='lat' dir='ltr'><em>urbes</em></span> <span class='ocrx_word' id='word_1_816' title='bbox 1115 3569 1179 3616; x_wconf 73' lang='lat' dir='ltr'><em>quae</em></span> <span class='ocrx_word' id='word_1_817' title='bbox 1195 3553 1352 3614; x_wconf 85' lang='lat' dir='ltr'><em>Civitatis,i</em></span> <span class='ocrx_word' id='word_1_818' title='bbox 1389 3559 1442 3610; x_wconf 83' lang='lat' dir='ltr'><em>est,</em></span> <span class='ocrx_word' id='word_1_819' title='bbox 1462 3555 1576 3616; x_wconf 85' lang='lat' dir='ltr'><em>Episco-</em></span> 
     </span>
     <span class='ocr_line' id='line_1_147' title="bbox 939 3615 1576 3724; baseline 0 -60"><span class='ocrx_word' id='word_1_820' title='bbox 939 3617 1033 3678; x_wconf 86' lang='lat' dir='ltr'><em>patus,</em></span> <span class='ocrx_word' id='word_1_821' title='bbox 1047 3617 1097 3676; x_wconf 85' lang='lat' dir='ltr'><em>jus</em></span> <span class='ocrx_word' id='word_1_822' title='bbox 1119 3629 1175 3666; x_wconf 88' lang='lat' dir='ltr'><em>non</em></span> <span class='ocrx_word' id='word_1_823' title='bbox 1195 3615 1362 3672; x_wconf 83' lang='lat' dir='ltr'><em>lrabebant;</em></span> <span class='ocrx_word' id='word_1_824' title='bbox 1388 3627 1445 3724; x_wconf 67' lang='lat' dir='ltr'><em>uua</em></span> <span class='ocrx_word' id='word_1_825' title='bbox 1460 3615 1576 3664; x_wconf 87' lang='lat' dir='ltr'><em>notione</em></span> 
     </span>
     <span class='ocr_line' id='line_1_148' title="bbox 940 3675 1576 3738; baseline -0.005 -14"><span class='ocrx_word' id='word_1_826' title='bbox 940 3689 992 3724; x_wconf 79' lang='lat' dir='ltr'><em>vox</em></span> <span class='ocrx_word' id='word_1_827' title='bbox 1005 3677 1066 3724; x_wconf 76' lang='lat' dir='ltr'><em>hac</em></span> <span class='ocrx_word' id='word_1_828' title='bbox 1080 3677 1236 3738; x_wconf 86' lang='lat' dir='ltr'><em>usurpatur</em></span> <span class='ocrx_word' id='word_1_829' title='bbox 1250 3689 1308 3726; x_wconf 90' lang='lat' dir='ltr'><em>non</em></span> <span class='ocrx_word' id='word_1_830' title='bbox 1321 3687 1398 3724; x_wconf 87' lang='lat' dir='ltr'><em>seme</em></span> <span class='ocrx_word' id='word_1_831' title='bbox 1422 3675 1453 3724; x_wconf 90' lang='lat' dir='ltr'><em>in</em></span> <span class='ocrx_word' id='word_1_832' title='bbox 1465 3675 1576 3724; x_wconf 84' lang='lat' dir='ltr'><em>Notitia</em></span> 
     </span>
     <span class='ocr_line' id='line_1_149' title="bbox 940 3735 1577 3796; baseline -0.003 -12"><span class='ocrx_word' id='word_1_833' title='bbox 940 3737 1110 3796; x_wconf 84' lang='lat' dir='ltr'><em>Galliarum,</em></span> <span class='ocrx_word' id='word_1_834' title='bbox 1140 3735 1189 3784; x_wconf 91' lang='lat' dir='ltr'><em>ubi</em></span> <span class='ocrx_word' id='word_1_835' title='bbox 1217 3737 1248 3784; x_wconf 87' lang='lat' dir='ltr'><em>in</em></span> <span class='ocrx_word' id='word_1_836' title='bbox 1281 3737 1407 3784; x_wconf 83' lang='lat' dir='ltr'><em>Maxima</em></span> <span class='ocrx_word' id='word_1_837' title='bbox 1436 3737 1577 3794; x_wconf 85' lang='lat' dir='ltr'><em>Sequano-</em></span> 
     </span>
     <span class='ocr_line' id='line_1_150' title="bbox 939 3795 1577 3856; baseline -0.003 -12"><span class='ocrx_word' id='word_1_838' title='bbox 939 3809 1020 3856; x_wconf 86' lang='lat' dir='ltr'><em>rum,</em></span> <span class='ocrx_word' id='word_1_839' title='bbox 1052 3795 1180 3844; x_wconf 84' lang='lat' dir='ltr'><em>Castrum</em></span> <span class='ocrx_word' id='word_1_840' title='bbox 1207 3797 1421 3850; x_wconf 87' lang='lat' dir='ltr'><em>Ebreduuense,</em></span> <span class='ocrx_word' id='word_1_841' title='bbox 1448 3795 1577 3844; x_wconf 88' lang='lat' dir='ltr'><em>Castrum</em></span> 
     </span>
     <span class='ocr_line' id='line_1_151' title="bbox 944 3857 1577 3916; baseline 0.003 -14"><span class='ocrx_word' id='word_1_842' title='bbox 944 3857 1174 3912; x_wconf 87' lang='lat' dir='ltr'><em>Vindonisseuse,</em></span> <span class='ocrx_word' id='word_1_843' title='bbox 1210 3857 1339 3904; x_wconf 86' lang='lat' dir='ltr'><em>Castrum</em></span> <span class='ocrx_word' id='word_1_844' title='bbox 1379 3857 1577 3916; x_wconf 86' lang='lat' dir='ltr'><em>Rauracense,</em></span> 
     </span>
     <span class='ocr_line' id='line_1_152' title="bbox 942 3917 1575 3978; baseline 0 -14"><span class='ocrx_word' id='word_1_845' title='bbox 942 3917 1071 3966; x_wconf 89' lang='lat' dir='ltr'><em>Castrum</em></span> <span class='ocrx_word' id='word_1_846' title='bbox 1082 3917 1268 3978; x_wconf 76' lang='lat' dir='ltr'><em>Arueuioruie</em></span> <span class='ocrx_word' id='word_1_847' title='bbox 1276 3929 1287 3976; x_wconf 87' lang='lat'><em>,·</em></span> <span class='ocrx_word' id='word_1_848' title='bbox 1301 3919 1332 3964; x_wconf 96' lang='lat' dir='ltr'><em>in</em></span> <span class='ocrx_word' id='word_1_849' title='bbox 1355 3917 1537 3966; x_wconf 81' lang='lat' dir='ltr'><em>Narbonensi</em></span> <span class='ocrx_word' id='word_1_850' title='bbox 1553 3919 1575 3974; x_wconf 88' lang='grc' dir='ltr'><strong>Ι.</strong></span> 
     </span>
     <span class='ocr_line' id='line_1_153' title="bbox 941 3975 1576 4036; baseline 0 -10"><span class='ocrx_word' id='word_1_851' title='bbox 941 3979 1070 4026; x_wconf 88' lang='lat' dir='ltr'><em>Castrum</em></span> <span class='ocrx_word' id='word_1_852' title='bbox 1102 3975 1260 4034; x_wconf 78' lang='lat' dir='ltr'><em>Uceticensa</em></span> <span class='ocrx_word' id='word_1_853' title='bbox 1285 3979 1316 4024; x_wconf 92' lang='lat' dir='ltr'><em>in</em></span> <span class='ocrx_word' id='word_1_854' title='bbox 1339 3979 1528 4036; x_wconf 79' lang='lat' dir='ltr'><em>Lugdunensi</em></span> <span class='ocrx_word' id='word_1_855' title='bbox 1553 3977 1576 4026; x_wconf 92' lang='lat' dir='ltr'><em>I.</em></span> 
     </span>
     <span class='ocr_line' id='line_1_154' title="bbox 940 4035 1577 4096; baseline 0 -12"><span class='ocrx_word' id='word_1_856' title='bbox 940 4037 1070 4086; x_wconf 89' lang='lat' dir='ltr'><em>Cusirum</em></span> <span class='ocrx_word' id='word_1_857' title='bbox 1085 4039 1292 4096; x_wconf 82' lang='lat' dir='ltr'><em>Curationense,</em></span> <span class='ocrx_word' id='word_1_858' title='bbox 1312 4039 1439 4086; x_wconf 85' lang='lat' dir='ltr'><em>Castrum</em></span> <span class='ocrx_word' id='word_1_859' title='bbox 1454 4035 1577 4086; x_wconf 84' lang='lat' dir='ltr'><em>Matisco·</em></span> 
     </span>
     <span class='ocr_line' id='line_1_155' title="bbox 939 4099 1577 4154; baseline 0.003 -10"><span class='ocrx_word' id='word_1_860' title='bbox 939 4111 1033 4154; x_wconf 80' lang='lat' dir='ltr'><em>neusa,</em></span> <span class='ocrx_word' id='word_1_861' title='bbox 1046 4109 1112 4146; x_wconf 90' lang='lat' dir='ltr'><em>cum</em></span> <span class='ocrx_word' id='word_1_862' title='bbox 1122 4099 1284 4154; x_wconf 84' lang='lat' dir='ltr'><em>civitatibus,</em></span> <span class='ocrx_word' id='word_1_863' title='bbox 1302 4099 1497 4154; x_wconf 88' lang='lat' dir='ltr'><em>recensentur,</em></span> <span class='ocrx_word' id='word_1_864' title='bbox 1510 4099 1577 4150; x_wconf 90' lang='lat' dir='ltr'><em>licet</em></span> 
     </span>
     <span class='ocr_line' id='line_1_156' title="bbox 939 4157 1576 4220; baseline 0.006 -16"><span class='ocrx_word' id='word_1_865' title='bbox 939 4157 1059 4206; x_wconf 85' lang='lat' dir='ltr'><em>ciuitatis</em></span> <span class='ocrx_word' id='word_1_866' title='bbox 1074 4171 1124 4206; x_wconf 89' lang='lat' dir='ltr'><em>seu</em></span> <span class='ocrx_word' id='word_1_867' title='bbox 1146 4159 1338 4220; x_wconf 85' lang='lat' dir='ltr'><em>Episcopatus</em></span> <span class='ocrx_word' id='word_1_868' title='bbox 1350 4159 1400 4216; x_wconf 86' lang='lat' dir='ltr'><em>jus</em></span> <span class='ocrx_word' id='word_1_869' title='bbox 1415 4169 1472 4206; x_wconf 90' lang='lat' dir='ltr'><em>non</em></span> <span class='ocrx_word' id='word_1_870' title='bbox 1488 4157 1576 4208; x_wconf 83' lang='lat' dir='ltr'><em>habe-</em></span> 
     </span>
     <span class='ocr_line' id='line_1_157' title="bbox 940 4217 1576 4276; baseline 0.003 -10"><span class='ocrx_word' id='word_1_871' title='bbox 940 4219 1013 4266; x_wconf 91' lang='lat' dir='ltr'><em>rent.</em></span> <span class='ocrx_word' id='word_1_872' title='bbox 1031 4217 1159 4266; x_wconf 87' lang='lat' dir='ltr'><em>Castrum</em></span> <span class='ocrx_word' id='word_1_873' title='bbox 1179 4219 1351 4276; x_wconf 83' lang='lat' dir='ltr'><em>Divionense,</em></span> <span class='ocrx_word' id='word_1_874' title='bbox 1370 4219 1496 4266; x_wconf 89' lang='lat' dir='ltr'><em>occurrit</em></span> <span class='ocrx_word' id='word_1_875' title='bbox 1518 4231 1576 4268; x_wconf 89' lang='lat' dir='ltr'><em>uon</em></span> 
     </span>
     <span class='ocr_line' id='line_1_158' title="bbox 941 4279 1576 4340; baseline 0.003 -14"><span class='ocrx_word' id='word_1_876' title='bbox 941 4279 1026 4328; x_wconf 88' lang='lat' dir='ltr'><em>semel</em></span> <span class='ocrx_word' id='word_1_877' title='bbox 1054 4279 1131 4340; x_wconf 90' lang='lat' dir='ltr'><em>apud</em></span> <span class='ocrx_word' id='word_1_878' title='bbox 1160 4279 1330 4340; x_wconf 73' lang='lat' dir='ltr'><em>Gregoriunr</em></span> <span class='ocrx_word' id='word_1_879' title='bbox 1360 4279 1518 4328; x_wconf 85' lang='lat' dir='ltr'><em>Turonens.</em></span> <span class='ocrx_word' id='word_1_880' title='bbox 1542 4279 1576 4328; x_wconf 91' lang='lat' dir='ltr'><em>de</em></span> 
     </span>
     <span class='ocr_line' id='line_1_159' title="bbox 941 4339 1576 4400; baseline 0.003 -14"><span class='ocrx_word' id='word_1_881' title='bbox 941 4339 1037 4388; x_wconf 84' lang='lat' dir='ltr'><em>Gloria</em></span> <span class='ocrx_word' id='word_1_882' title='bbox 1052 4339 1179 4388; x_wconf 73' lang='lat' dir='ltr'><em>(latrices.</em></span> <span class='ocrx_word' id='word_1_883' title='bbox 1197 4351 1258 4400; x_wconf 87' lang='lat' dir='ltr'><em>cap.</em></span> <span class='ocrx_word' id='word_1_884' title='bbox 1272 4341 1312 4388; x_wconf 77' lang='grc'><em>12.</em></span> <span class='ocrx_word' id='word_1_885' title='bbox 1325 4341 1353 4388; x_wconf 91' lang='lat' dir='ltr'><em>et</em></span> <span class='ocrx_word' id='word_1_886' title='bbox 1373 4341 1402 4386; x_wconf 94' lang='lat' dir='ltr'><em>in</em></span> <span class='ocrx_word' id='word_1_887' title='bbox 1422 4339 1498 4388; x_wconf 88' lang='lat' dir='ltr'><em>Hist.</em></span> <span class='ocrx_word' id='word_1_888' title='bbox 1511 4341 1576 4400; x_wconf 88' lang='lat' dir='ltr'><em>plu·</em></span> 
     </span>
     <span class='ocr_line' id='line_1_160' title="bbox 940 4397 1577 4506; baseline -0.003 -58"><span class='ocrx_word' id='word_1_889' title='bbox 940 4397 1006 4456; x_wconf 86' lang='lat' dir='ltr'><em>ries,</em></span> <span class='ocrx_word' id='word_1_890' title='bbox 1020 4399 1064 4460; x_wconf 89' lang='lat' dir='ltr'><em>[ut</em></span> <span class='ocrx_word' id='word_1_891' title='bbox 1076 4399 1104 4446; x_wconf 91' lang='grc' dir='ltr'><em>θῖ</em></span> <span class='ocrx_word' id='word_1_892' title='bbox 1118 4399 1194 4460; x_wconf 90' lang='lat' dir='ltr'><em>apud</em></span> <span class='ocrx_word' id='word_1_893' title='bbox 1209 4399 1347 4448; x_wconf 87' lang='lat' dir='ltr'><em>Glabrum</em></span> <span class='ocrx_word' id='word_1_894' title='bbox 1359 4399 1544 4506; x_wconf 70' lang='lat' dir='ltr'><em>Roduluhum</em></span> <span class='ocrx_word' id='word_1_895' title='bbox 1559 4399 1577 4462; x_wconf 76' lang='lat' dir='ltr'><em>z]</em></span> 
     </span>
     <span class='ocr_line' id='line_1_161' title="bbox 942 4459 1575 4520; baseline 0.003 -14"><span class='ocrx_word' id='word_1_896' title='bbox 942 4461 1024 4508; x_wconf 87' lang='lat' dir='ltr'><em>hodie</em></span> <span class='ocrx_word' id='word_1_897' title='bbox 1051 4459 1181 4518; x_wconf 90' lang='lat' dir='ltr'><em>amplum</em></span> <span class='ocrx_word' id='word_1_898' title='bbox 1208 4461 1251 4508; x_wconf 88' lang='lat' dir='ltr'><em>est</em></span> <span class='ocrx_word' id='word_1_899' title='bbox 1277 4459 1425 4520; x_wconf 87' lang='lat' dir='ltr'><em>oppidum.</em></span> <span class='ocrx_word' id='word_1_900' title='bbox 1481 4459 1521 4508; x_wconf 89' lang='lat' dir='ltr'><em>ita</em></span> <span class='ocrx_word' id='word_1_901' title='bbox 1548 4461 1575 4508; x_wconf 87' lang='lat' dir='ltr'><em>S.</em></span> 
     </span>
     <span class='ocr_line' id='line_1_162' title="bbox 941 4519 1576 4580; baseline 0 -14"><span class='ocrx_word' id='word_1_902' title='bbox 941 4519 1070 4568; x_wconf 86' lang='lat' dir='ltr'><em>Medardi</em></span> <span class='ocrx_word' id='word_1_903' title='bbox 1096 4519 1172 4580; x_wconf 88' lang='lat' dir='ltr'><em>apud</em></span> <span class='ocrx_word' id='word_1_904' title='bbox 1198 4519 1330 4566; x_wconf 88' lang='lat' dir='ltr'><em>Surium:</em></span> <span class='ocrx_word' id='word_1_905' title='bbox 1346 4519 1493 4568; x_wconf 83' lang='lat' dir='ltr'><em>Nouiamus</em></span> <span class='ocrx_word' id='word_1_906' title='bbox 1515 4533 1576 4566; x_wconf 91' lang='lat' dir='ltr'><em>cum</em></span> 
     </span>
     <span class='ocr_line' id='line_1_163' title="bbox 941 4579 1575 4640; baseline 0.006 -16"><span class='ocrx_word' id='word_1_907' title='bbox 941 4583 1007 4626; x_wconf 92' lang='lat' dir='ltr'><em>tunc</em></span> <span class='ocrx_word' id='word_1_908' title='bbox 1019 4579 1146 4640; x_wconf 85' lang='lat' dir='ltr'><em>temporis</em></span> <span class='ocrx_word' id='word_1_909' title='bbox 1164 4579 1301 4640; x_wconf 78' lang='lat' dir='ltr'><em>Castrum,</em></span> <span class='ocrx_word' id='word_1_910' title='bbox 1318 4593 1365 4628; x_wconf 89' lang='lat' dir='ltr'><em>seu</em></span> <span class='ocrx_word' id='word_1_911' title='bbox 1386 4579 1511 4636; x_wconf 88' lang='lat' dir='ltr'><em>munitio,</em></span> <span class='ocrx_word' id='word_1_912' title='bbox 1526 4579 1575 4628; x_wconf 88' lang='lat' dir='ltr'><em>hu-</em></span> 
     </span>
     <span class='ocr_line' id='line_1_164' title="bbox 941 4639 1576 4702; baseline 0.003 -16"><span class='ocrx_word' id='word_1_913' title='bbox 941 4639 1059 4698; x_wconf 87' lang='lat' dir='ltr'><em>bereiur,</em></span> <span class='ocrx_word' id='word_1_914' title='bbox 1073 4639 1247 4700; x_wconf 84' lang='lat' dir='ltr'><em>postmodum</em></span> <span class='ocrx_word' id='word_1_915' title='bbox 1266 4639 1352 4700; x_wconf 81' lang='lat' dir='ltr'><em>ipsius</em></span> <span class='ocrx_word' id='word_1_916' title='bbox 1373 4639 1496 4702; x_wconf 85' lang='lat' dir='ltr'><em>ejusdem</em></span> <span class='ocrx_word' id='word_1_917' title='bbox 1523 4643 1576 4700; x_wconf 75' lang='lat' dir='ltr'><em>qia·</em></span> 
     </span>
     <span class='ocr_line' id='line_1_165' title="bbox 940 4699 1577 4760; baseline 0.006 -16"><span class='ocrx_word' id='word_1_918' title='bbox 940 4699 1005 4748; x_wconf 88' lang='lat' dir='ltr'><em>riosi</em></span> <span class='ocrx_word' id='word_1_919' title='bbox 1014 4699 1156 4760; x_wconf 79' lang='lat' dir='ltr'><em>Pontificis</em></span> <span class='ocrx_word' id='word_1_920' title='bbox 1169 4699 1297 4748; x_wconf 82' lang='lat' dir='ltr'><em>Meciurdi</em></span> <span class='ocrx_word' id='word_1_921' title='bbox 1306 4701 1491 4754; x_wconf 83' lang='lat' dir='ltr'><em>ordinatiane,</em></span> <span class='ocrx_word' id='word_1_922' title='bbox 1506 4699 1577 4748; x_wconf 90' lang='lat' dir='ltr'><em>Pon·</em></span> 
     </span>
     <span class='ocr_line' id='line_1_166' title="bbox 941 4759 1575 4820; baseline 0.005 -15"><span class='ocrx_word' id='word_1_923' title='bbox 941 4759 1050 4820; x_wconf 79' lang='lat' dir='ltr'><em>iificulis</em></span> <span class='ocrx_word' id='word_1_924' title='bbox 1076 4761 1210 4808; x_wconf 80' lang='lat' dir='ltr'><em>cathedra</em></span> <span class='ocrx_word' id='word_1_925' title='bbox 1234 4763 1333 4808; x_wconf 89' lang='lat' dir='ltr'><em>honore</em></span> <span class='ocrx_word' id='word_1_926' title='bbox 1350 4761 1514 4808; x_wconf 86' lang='lat' dir='ltr'><em>sublimatus</em></span> <span class='ocrx_word' id='word_1_927' title='bbox 1527 4765 1575 4808; x_wconf 86' lang='lat' dir='ltr'><em>esi.</em></span> 
     </span>
     <span class='ocr_line' id='line_1_167' title="bbox 1046 4819 1577 4870; baseline 0.008 -4.381"><span class='ocrx_word' id='word_1_928' title='bbox 1046 4819 1173 4868; x_wconf 80' lang='lat' dir='ltr'><em>Civitatis</em></span> <span class='ocrx_word' id='word_1_929' title='bbox 1185 4821 1213 4868; x_wconf 88' lang='lat' dir='ltr'><em>et</em></span> <span class='ocrx_word' id='word_1_930' title='bbox 1231 4821 1321 4868; x_wconf 83' lang='lat' dir='ltr'><em>Casiri</em></span> <span class='ocrx_word' id='word_1_931' title='bbox 1334 4821 1517 4870; x_wconf 86' lang='lat' dir='ltr'><em>definitiones</em></span> <span class='ocrx_word' id='word_1_932' title='bbox 1531 4821 1577 4870; x_wconf 87' lang='lat' dir='ltr'><em>hic</em></span> 
     </span>
     <span class='ocr_line' id='line_1_168' title="bbox 942 4879 1576 4940; baseline 0.002 -14"><span class='ocrx_word' id='word_1_933' title='bbox 942 4879 1046 4928; x_wconf 86' lang='lat' dir='ltr'><em>allatas</em></span> <span class='ocrx_word' id='word_1_934' title='bbox 1060 4879 1216 4940; x_wconf 85' lang='lat' dir='ltr'><em>approbare</em></span> <span class='ocrx_word' id='word_1_935' title='bbox 1238 4881 1335 4928; x_wconf 85' lang='lat' dir='ltr'><em>retati</em></span> <span class='ocrx_word' id='word_1_936' title='bbox 1360 4893 1400 4936; x_wconf 84' lang='lat' dir='ltr'><em>sa,</em></span> <span class='ocrx_word' id='word_1_937' title='bbox 1414 4893 1500 4940; x_wconf 80' lang='lat' dir='ltr'><em>quam</em></span> <span class='ocrx_word' id='word_1_938' title='bbox 1514 4881 1576 4928; x_wconf 89' lang='lat' dir='ltr'><em>lau-</em></span> 
     </span>
     <span class='ocr_line' id='line_1_169' title="bbox 941 4893 1576 5002; baseline 0 -14"><span class='ocrx_word' id='word_1_939' title='bbox 941 4939 991 4988; x_wconf 90' lang='lat' dir='ltr'><em>dat</em></span> <span class='ocrx_word' id='word_1_940' title='bbox 1007 4939 1143 4998; x_wconf 72' lang='lat' dir='ltr'><em>(langius.</em></span> <span class='ocrx_word' id='word_1_941' title='bbox 1159 4941 1270 4990; x_wconf 86' lang='lat' dir='ltr'><em>Notitia</em></span> <span class='ocrx_word' id='word_1_942' title='bbox 1293 4893 1463 4998; x_wconf 74' lang='lat' dir='ltr'><em>Gaiiiarum,</em></span> <span class='ocrx_word' id='word_1_943' title='bbox 1483 4941 1576 5002; x_wconf 82' lang='lat' dir='ltr'><em>qualis</em></span> 
     </span>
     <span class='ocr_line' id='line_1_170' title="bbox 941 4999 1575 5058; baseline -0.003 -10"><span class='ocrx_word' id='word_1_944' title='bbox 941 4999 1092 5050; x_wconf 84' lang='lat' dir='ltr'><em>exhibetur</em></span> <span class='ocrx_word' id='word_1_945' title='bbox 1106 5013 1122 5048; x_wconf 90' lang='lat' dir='ltr'><em>a</em></span> <span class='ocrx_word' id='word_1_946' title='bbox 1136 5001 1167 5048; x_wconf 87' lang='lat' dir='ltr'><em>n.</em></span> <span class='ocrx_word' id='word_1_947' title='bbox 1182 5001 1210 5046; x_wconf 89' lang='lat' dir='ltr'><em>P.</em></span> <span class='ocrx_word' id='word_1_948' title='bbox 1229 5001 1318 5058; x_wconf 78' lang='lat' dir='ltr'><em>Pagio</em></span> <span class='ocrx_word' id='word_1_949' title='bbox 1338 5003 1374 5048; x_wconf 90' lang='lat' dir='ltr'><em>ad</em></span> <span class='ocrx_word' id='word_1_950' title='bbox 1397 5013 1507 5050; x_wconf 89' lang='lat' dir='ltr'><em>annum</em></span> <span class='ocrx_word' id='word_1_951' title='bbox 1521 5001 1575 5048; x_wconf 78' lang='lat' dir='ltr'><em>su.</em></span> 
     </span>
     <span class='ocr_line' id='line_1_171' title="bbox 941 5059 1578 5122; baseline 0.003 -18"><span class='ocrx_word' id='word_1_952' title='bbox 941 5059 974 5106; x_wconf 89' lang='lat' dir='ltr'><em>In</em></span> <span class='ocrx_word' id='word_1_953' title='bbox 988 5071 1020 5106; x_wconf 84' lang='lat' dir='ltr'><em>en</em></span> <span class='ocrx_word' id='word_1_954' title='bbox 1034 5061 1113 5108; x_wconf 85' lang='lat' dir='ltr'><em>enim</em></span> <span class='ocrx_word' id='word_1_955' title='bbox 1136 5059 1263 5108; x_wconf 85' lang='lat' dir='ltr'><em>Civitatis</em></span> <span class='ocrx_word' id='word_1_956' title='bbox 1283 5061 1524 5122; x_wconf 74' lang='lat' dir='ltr'><em>Riuomaqenstum</em></span> <span class='ocrx_word' id='word_1_957' title='bbox 1550 5059 1578 5108; x_wconf 87' lang='lat' dir='ltr'><em>et</em></span> 
     </span>
     <span class='ocr_line' id='line_1_172' title="bbox 943 5119 1577 5180; baseline -0.003 -14"><span class='ocrx_word' id='word_1_958' title='bbox 943 5119 1045 5166; x_wconf 86' lang='lat' dir='ltr'><em>Civitas</em></span> <span class='ocrx_word' id='word_1_959' title='bbox 1075 5119 1272 5168; x_wconf 83' lang='lat' dir='ltr'><em>Saltiuensium</em></span> <span class='ocrx_word' id='word_1_960' title='bbox 1298 5133 1332 5168; x_wconf 82' lang='lat' dir='ltr'><em>ex</em></span> <span class='ocrx_word' id='word_1_961' title='bbox 1358 5121 1505 5180; x_wconf 79' lang='lat' dir='ltr'><em>provincia</em></span> <span class='ocrx_word' id='word_1_962' title='bbox 1534 5119 1577 5166; x_wconf 76' lang='lat' dir='ltr'><em>st-</em></span> 
     </span>
     <span class='ocr_line' id='line_1_173' title="bbox 941 5179 1577 5236; baseline -0.003 -10"><span class='ocrx_word' id='word_1_963' title='bbox 941 5179 1021 5236; x_wconf 85' lang='lat' dir='ltr'><em>pium</em></span> <span class='ocrx_word' id='word_1_964' title='bbox 1048 5179 1263 5228; x_wconf 74' lang='lat' dir='ltr'><em>biaritimarnm</em></span> <span class='ocrx_word' id='word_1_965' title='bbox 1287 5179 1491 5232; x_wconf 89' lang='lat' dir='ltr'><em>recensentur,</em></span> <span class='ocrx_word' id='word_1_966' title='bbox 1514 5191 1577 5236; x_wconf 79' lang='lat' dir='ltr'><em>uuae</em></span> 
     </span>
     <span class='ocr_line' id='line_1_174' title="bbox 942 5239 1575 5298; baseline -0.003 -13"><span class='ocrx_word' id='word_1_967' title='bbox 942 5251 1085 5298; x_wconf 78' lang='lat' dir='ltr'><em>nusquam</em></span> <span class='ocrx_word' id='word_1_968' title='bbox 1123 5241 1201 5288; x_wconf 85' lang='lat' dir='ltr'><em>fuere</em></span> <span class='ocrx_word' id='word_1_969' title='bbox 1244 5239 1326 5286; x_wconf 90' lang='lat' dir='ltr'><em>sedes</em></span> <span class='ocrx_word' id='word_1_970' title='bbox 1370 5239 1575 5296; x_wconf 83' lang='lat' dir='ltr'><em>Episcopales;</em></span> 
     </span>
     <span class='ocr_line' id='line_1_175' title="bbox 942 5297 1577 5360; baseline -0.003 -14"><span class='ocrx_word' id='word_1_971' title='bbox 942 5299 1045 5346; x_wconf 91' lang='lat' dir='ltr'><em>deinde</em></span> <span class='ocrx_word' id='word_1_972' title='bbox 1068 5311 1101 5346; x_wconf 83' lang='lat' dir='ltr'><em>ex</em></span> <span class='ocrx_word' id='word_1_973' title='bbox 1118 5299 1190 5360; x_wconf 88' lang='lat' dir='ltr'><em>ipsis</em></span> <span class='ocrx_word' id='word_1_974' title='bbox 1212 5299 1399 5354; x_wconf 68' lang='lat' dir='ltr'><em>Cosilianum</em></span> <span class='ocrx_word' id='word_1_975' title='bbox 1421 5307 1455 5342; x_wconf 80' lang='lat' dir='ltr'><em>ex</em></span> <span class='ocrx_word' id='word_1_976' title='bbox 1478 5297 1577 5344; x_wconf 89' lang='lat' dir='ltr'><em>eadem</em></span> 
     </span>
     <span class='ocr_line' id='line_1_176' title="bbox 941 5355 1577 5410; baseline -0.006 -2"><span class='ocrx_word' id='word_1_977' title='bbox 941 5359 1053 5408; x_wconf 81' lang='lat' dir='ltr'><em>Notitia</em></span> <span class='ocrx_word' id='word_1_978' title='bbox 1080 5359 1128 5408; x_wconf 86' lang='lat' dir='ltr'><em>hie</em></span> <span class='ocrx_word' id='word_1_979' title='bbox 1150 5359 1302 5406; x_wconf 88' lang='lat' dir='ltr'><em>enumerat</em></span> <span class='ocrx_word' id='word_1_980' title='bbox 1327 5355 1464 5410; x_wconf 78' lang='lat' dir='ltr'><em>Gorgiae,</em></span> <span class='ocrx_word' id='word_1_981' title='bbox 1487 5367 1577 5404; x_wconf 89' lang='lat' dir='ltr'><em>unum</em></span> 
     </span>
     <span class='ocr_line' id='line_1_177' title="bbox 942 5413 1577 5480; baseline -0.009 -10"><span class='ocrx_word' id='word_1_982' title='bbox 942 5421 1047 5480; x_wconf 84' lang='lat' dir='ltr'><em>saltem</em></span> <span class='ocrx_word' id='word_1_983' title='bbox 1061 5419 1153 5468; x_wconf 80' lang='lat' dir='ltr'><em>exstat</em></span> <span class='ocrx_word' id='word_1_984' title='bbox 1177 5419 1305 5466; x_wconf 85' lang='lat' dir='ltr'><em>Castrum</em></span> <span class='ocrx_word' id='word_1_985' title='bbox 1325 5413 1517 5472; x_wconf 71' lang='lat' dir='ltr'><em>Arueniaraie,</em></span> <span class='ocrx_word' id='word_1_986' title='bbox 1531 5417 1577 5464; x_wconf 89' lang='lat' dir='ltr'><em>cui</em></span> 
     </span>
    </p>
   </div>
   <div class='ocr_carea' id='block_1_28' title="bbox 1619 1081 2264 3430">
    <p class='ocr_par' dir='ltr' id='par_1_39' title="bbox 1619 1081 2260 2154">
     <span class='ocr_line' id='line_1_178' title="bbox 1619 1081 2256 1146; baseline -0.008 -14"><span class='ocrx_word' id='word_1_987' title='bbox 1619 1085 1746 1132; x_wconf 82' lang='lat' dir='ltr'><em>excludit</em></span> <span class='ocrx_word' id='word_1_988' title='bbox 1772 1085 1977 1146; x_wconf 77' lang='lat' dir='ltr'><em>Episcopaium.</em></span> <span class='ocrx_word' id='word_1_989' title='bbox 1991 1087 2066 1144; x_wconf 87' lang='lat' dir='ltr'><em>Quid</em></span> <span class='ocrx_word' id='word_1_990' title='bbox 2080 1085 2171 1144; x_wconf 79' lang='lat' dir='ltr'><em>igitur</em></span> <span class='ocrx_word' id='word_1_991' title='bbox 2209 1081 2256 1128; x_wconf 88' lang='lat' dir='ltr'><em>tvi-</em></span> 
     </span>
     <span class='ocr_line' id='line_1_179' title="bbox 1620 1145 2256 1204; baseline 0.003 -14"><span class='ocrx_word' id='word_1_992' title='bbox 1620 1149 1671 1204; x_wconf 87' lang='lat' dir='ltr'><em>ius,</em></span> <span class='ocrx_word' id='word_1_993' title='bbox 1688 1147 1755 1204; x_wconf 85' lang='lat' dir='ltr'><em>quid</em></span> <span class='ocrx_word' id='word_1_994' title='bbox 1782 1145 1931 1194; x_wconf 69' lang='lat' dir='ltr'><em>Castrum?</em></span> <span class='ocrx_word' id='word_1_995' title='bbox 1956 1147 2044 1194; x_wconf 86' lang='lat' dir='ltr'><em>Docet</em></span> <span class='ocrx_word' id='word_1_996' title='bbox 2067 1145 2201 1192; x_wconf 86' lang='lat' dir='ltr'><em>Valesius</em></span> <span class='ocrx_word' id='word_1_997' title='bbox 2225 1145 2256 1192; x_wconf 92' lang='lat' dir='ltr'><em>in</em></span> 
     </span>
     <span class='ocr_line' id='line_1_180' title="bbox 1620 1203 2257 1272; baseline 0.002 -23"><span class='ocrx_word' id='word_1_998' title='bbox 1620 1203 1791 1252; x_wconf 79' lang='lat' dir='ltr'><em>rraeraume</em></span> <span class='ocrx_word' id='word_1_999' title='bbox 1807 1205 1841 1252; x_wconf 88' lang='lat' dir='ltr'><em>ad</em></span> <span class='ocrx_word' id='word_1_1000' title='bbox 1851 1217 1936 1254; x_wconf 88' lang='lat' dir='ltr'><em>suam</em></span> <span class='ocrx_word' id='word_1_1001' title='bbox 1944 1207 2103 1254; x_wconf 88' lang='lat' dir='ltr'><em>Galliarum</em></span> <span class='ocrx_word' id='word_1_1002' title='bbox 2115 1203 2257 1272; x_wconf 80' lang='lat' dir='ltr'><em>Notitiam</em></span> 
     </span>
     <span class='ocr_line' id='line_1_181' title="bbox 1621 1263 2259 1324; baseline -0.002 -14"><span class='ocrx_word' id='word_1_1003' title='bbox 1621 1273 1686 1324; x_wconf 78' lang='lat' dir='ltr'><em>pag.</em></span> <span class='ocrx_word' id='word_1_1004' title='bbox 1711 1273 1800 1312; x_wconf 78' lang='lat' dir='ltr'><em>xvrn.</em></span> <span class='ocrx_word' id='word_1_1005' title='bbox 1825 1267 1934 1314; x_wconf 87' lang='lat' dir='ltr'><em>veteres</em></span> <span class='ocrx_word' id='word_1_1006' title='bbox 1957 1269 2071 1314; x_wconf 91' lang='lat' dir='ltr'><em>nostros</em></span> <span class='ocrx_word' id='word_1_1007' title='bbox 2097 1263 2259 1312; x_wconf 86' lang='lat' dir='ltr'><em>Historrcos</em></span> 
     </span>
     <span class='ocr_line' id='line_1_182' title="bbox 1621 1321 2258 1384; baseline -0.003 -14"><span class='ocrx_word' id='word_1_1008' title='bbox 1621 1323 1683 1370; x_wconf 87' lang='lat' dir='ltr'><em>sola</em></span> <span class='ocrx_word' id='word_1_1009' title='bbox 1699 1321 1946 1384; x_wconf 69' lang='lat' dir='ltr'><em>capitecensum</em></span> <span class='ocrx_word' id='word_1_1010' title='bbox 1972 1325 2053 1374; x_wconf 82' lang='lat' dir='ltr'><em>Urbes</em></span> <span class='ocrx_word' id='word_1_1011' title='bbox 2071 1327 2122 1374; x_wconf 89' lang='lat' dir='ltr'><em>aut</em></span> <span class='ocrx_word' id='word_1_1012' title='bbox 2141 1323 2258 1384; x_wconf 82' lang='lat' dir='ltr'><em>Oppido,</em></span> 
     </span>
     <span class='ocr_line' id='line_1_183' title="bbox 1621 1381 2255 1450; baseline -0.002 -20"><span class='ocrx_word' id='word_1_1013' title='bbox 1621 1393 1731 1450; x_wconf 80' lang='lat' dir='ltr'><em>necnon</em></span> <span class='ocrx_word' id='word_1_1014' title='bbox 1751 1381 1887 1450; x_wconf 81' lang='lat' dir='ltr'><em>Civitates,</em></span> <span class='ocrx_word' id='word_1_1015' title='bbox 1901 1387 2047 1434; x_wconf 89' lang='lat' dir='ltr'><em>interdum</em></span> <span class='ocrx_word' id='word_1_1016' title='bbox 2061 1387 2149 1434; x_wconf 89' lang='lat' dir='ltr'><em>etlam</em></span> <span class='ocrx_word' id='word_1_1017' title='bbox 2160 1383 2255 1432; x_wconf 75' lang='grc'><strong>11111111-</strong></span> 
     </span>
     <span class='ocr_line' id='line_1_184' title="bbox 1621 1441 2259 1504; baseline 0.006 -16"><span class='ocrx_word' id='word_1_1018' title='bbox 1621 1453 1704 1500; x_wconf 75' lang='lat' dir='ltr'><em>cepta,</em></span> <span class='ocrx_word' id='word_1_1019' title='bbox 1719 1443 1842 1504; x_wconf 74' lang='lat' dir='ltr'><em>vocitare</em></span> <span class='ocrx_word' id='word_1_1020' title='bbox 1858 1459 1863 1490; x_wconf 92' lang='lat'>:</span> <span class='ocrx_word' id='word_1_1021' title='bbox 1880 1445 1989 1494; x_wconf 86' lang='lat' dir='ltr'><em>ceteras</em></span> <span class='ocrx_word' id='word_1_1022' title='bbox 2016 1445 2100 1492; x_wconf 86' lang='lat' dir='ltr'><em>urbes</em></span> <span class='ocrx_word' id='word_1_1023' title='bbox 2126 1447 2168 1494; x_wconf 86' lang='lat' dir='ltr'><em>eis</em></span> <span class='ocrx_word' id='word_1_1024' title='bbox 2190 1441 2259 1492; x_wconf 89' lang='lat' dir='ltr'><em>sob-</em></span> 
     </span>
     <span class='ocr_line' id='line_1_185' title="bbox 1619 1501 2256 1562; baseline 0 -12"><span class='ocrx_word' id='word_1_1025' title='bbox 1619 1501 1712 1562; x_wconf 82' lang='lat' dir='ltr'><em>jectas</em></span> <span class='ocrx_word' id='word_1_1026' title='bbox 1726 1501 1887 1550; x_wconf 87' lang='lat' dir='ltr'><em>Castrorum</em></span> <span class='ocrx_word' id='word_1_1027' title='bbox 1909 1505 1951 1552; x_wconf 86' lang='lat' dir='ltr'><em>vel</em></span> <span class='ocrx_word' id='word_1_1028' title='bbox 1979 1505 2160 1552; x_wconf 82' lang='lat' dir='ltr'><em>Castaliarum</em></span> <span class='ocrx_word' id='word_1_1029' title='bbox 2188 1515 2256 1554; x_wconf 86' lang='lat' dir='ltr'><em>non·</em></span> 
     </span>
     <span class='ocr_line' id='line_1_186' title="bbox 1622 1561 2257 1626; baseline 0.003 -16"><span class='ocrx_word' id='word_1_1030' title='bbox 1622 1573 1771 1620; x_wconf 84' lang='lat' dir='ltr'><em>uunquam</em></span> <span class='ocrx_word' id='word_1_1031' title='bbox 1786 1563 1815 1610; x_wconf 92' lang='lat' dir='ltr'><em>et</em></span> <span class='ocrx_word' id='word_1_1032' title='bbox 1832 1561 1957 1610; x_wconf 81' lang='lat' dir='ltr'><em>Virorum</em></span> <span class='ocrx_word' id='word_1_1033' title='bbox 1971 1565 2166 1626; x_wconf 88' lang='lat' dir='ltr'><em>appellatione</em></span> <span class='ocrx_word' id='word_1_1034' title='bbox 2181 1565 2257 1612; x_wconf 89' lang='lat' dir='ltr'><em>desi-</em></span> 
     </span>
     <span class='ocr_line' id='line_1_187' title="bbox 1619 1621 2259 1686; baseline 0.006 -18"><span class='ocrx_word' id='word_1_1035' title='bbox 1619 1633 1720 1686; x_wconf 73' lang='lat' dir='ltr'><em>gnare.</em></span> <span class='ocrx_word' id='word_1_1036' title='bbox 1733 1623 1814 1680; x_wconf 89' lang='lat' dir='ltr'><em>Quod</em></span> <span class='ocrx_word' id='word_1_1037' title='bbox 1836 1623 1869 1670; x_wconf 90' lang='lat' dir='ltr'><em>ut</em></span> <span class='ocrx_word' id='word_1_1038' title='bbox 1888 1621 1997 1682; x_wconf 89' lang='lat' dir='ltr'><em>probet,</em></span> <span class='ocrx_word' id='word_1_1039' title='bbox 2018 1627 2169 1674; x_wconf 89' lang='lat' dir='ltr'><em>enumerat</em></span> <span class='ocrx_word' id='word_1_1040' title='bbox 2182 1627 2259 1672; x_wconf 88' lang='lat' dir='ltr'><em>idem</em></span> 
     </span>
     <span class='ocr_line' id='line_1_188' title="bbox 1624 1681 2259 1744; baseline 0.003 -14"><span class='ocrx_word' id='word_1_1041' title='bbox 1624 1681 1755 1730; x_wconf 86' lang='lat' dir='ltr'><em>Valesius</em></span> <span class='ocrx_word' id='word_1_1042' title='bbox 1770 1681 1878 1730; x_wconf 85' lang='lat' dir='ltr'><em>multas</em></span> <span class='ocrx_word' id='word_1_1043' title='bbox 1892 1681 1986 1738; x_wconf 69' lang='lat' dir='ltr'><em>urbes</em></span> <span class='ocrx_word' id='word_1_1044' title='bbox 2001 1683 2041 1732; x_wconf 91' lang='lat' dir='ltr'><em>vel</em></span> <span class='ocrx_word' id='word_1_1045' title='bbox 2064 1685 2182 1744; x_wconf 89' lang='lat' dir='ltr'><em>oppida,</em></span> <span class='ocrx_word' id='word_1_1046' title='bbox 2195 1695 2259 1744; x_wconf 77' lang='lat' dir='ltr'><em>uuae</em></span> 
     </span>
     <span class='ocr_line' id='line_1_189' title="bbox 1624 1741 2258 1804; baseline 0.003 -14"><span class='ocrx_word' id='word_1_1047' title='bbox 1624 1743 1782 1804; x_wconf 89' lang='lat' dir='ltr'><em>Scriptores</em></span> <span class='ocrx_word' id='word_1_1048' title='bbox 1830 1741 1920 1792; x_wconf 89' lang='lat' dir='ltr'><em>nostri</em></span> <span class='ocrx_word' id='word_1_1049' title='bbox 1959 1741 2058 1788; x_wconf 85' lang='lat' dir='ltr'><em>Castra</em></span> <span class='ocrx_word' id='word_1_1050' title='bbox 2091 1745 2258 1792; x_wconf 57' lang='lat' dir='ltr'><em>castellars</em></span> 
     </span>
     <span class='ocr_line' id='line_1_190' title="bbox 1623 1801 2260 1864; baseline 0 -12"><span class='ocrx_word' id='word_1_1051' title='bbox 1623 1803 1821 1864; x_wconf 87' lang='lat' dir='ltr'><em>appellarunt:</em></span> <span class='ocrx_word' id='word_1_1052' title='bbox 1838 1815 1872 1852; x_wconf 81' lang='lat' dir='ltr'><em>ex</em></span> <span class='ocrx_word' id='word_1_1053' title='bbox 1896 1801 2002 1860; x_wconf 82' lang='lat' dir='ltr'><em>quibus</em></span> <span class='ocrx_word' id='word_1_1054' title='bbox 2026 1805 2166 1852; x_wconf 88' lang='lat' dir='ltr'><em>nonnulla</em></span> <span class='ocrx_word' id='word_1_1055' title='bbox 2190 1805 2260 1852; x_wconf 89' lang='lat' dir='ltr'><em>sunt</em></span> 
     </span>
     <span class='ocr_line' id='line_1_191' title="bbox 1624 1861 2259 1924; baseline 0 -12"><span class='ocrx_word' id='word_1_1056' title='bbox 1624 1865 1764 1924; x_wconf 87' lang='lat' dir='ltr'><em>ampliora</em></span> <span class='ocrx_word' id='word_1_1057' title='bbox 1784 1873 1846 1924; x_wconf 84' lang='lat' dir='ltr'><em>quae</em></span> <span class='ocrx_word' id='word_1_1058' title='bbox 1873 1861 2004 1912; x_wconf 82' lang='lat' dir='ltr'><em>Ciuitates</em></span> <span class='ocrx_word' id='word_1_1059' title='bbox 2024 1863 2073 1910; x_wconf 88' lang='lat' dir='ltr'><em>vel</em></span> <span class='ocrx_word' id='word_1_1060' title='bbox 2092 1861 2174 1910; x_wconf 84' lang='lat' dir='ltr'><em>Urbes</em></span> <span class='ocrx_word' id='word_1_1061' title='bbox 2189 1875 2259 1912; x_wconf 90' lang='lat' dir='ltr'><em>nun-</em></span> 
     </span>
     <span class='ocr_line' id='line_1_192' title="bbox 1623 1921 2259 1986; baseline -0.002 -13"><span class='ocrx_word' id='word_1_1062' title='bbox 1623 1925 1796 1986; x_wconf 77' lang='lat' dir='ltr'><em>cupassent,</em></span> <span class='ocrx_word' id='word_1_1063' title='bbox 1813 1923 1836 1972; x_wconf 90' lang='lat' dir='ltr'><em>si</em></span> <span class='ocrx_word' id='word_1_1064' title='bbox 1862 1923 1947 1972; x_wconf 87' lang='lat' dir='ltr'><em>alteri</em></span> <span class='ocrx_word' id='word_1_1065' title='bbox 1976 1921 2050 1978; x_wconf 88' lang='lat' dir='ltr'><em>urbi,</em></span> <span class='ocrx_word' id='word_1_1066' title='bbox 2079 1933 2142 1980; x_wconf 83' lang='lat' dir='ltr'><em>uuae</em></span> <span class='ocrx_word' id='word_1_1067' title='bbox 2166 1921 2259 1984; x_wconf 84' lang='lat' dir='ltr'><em>Caput</em></span> 
     </span>
     <span class='ocr_line' id='line_1_193' title="bbox 1624 1981 2259 2046; baseline 0 -14"><span class='ocrx_word' id='word_1_1068' title='bbox 1624 1985 1718 2044; x_wconf 83' lang='lat' dir='ltr'><em>gentis</em></span> <span class='ocrx_word' id='word_1_1069' title='bbox 1753 1985 1793 2034; x_wconf 86' lang='lat' dir='ltr'><em>vel</em></span> <span class='ocrx_word' id='word_1_1070' title='bbox 1820 1983 1974 2046; x_wconf 73' lang='lat' dir='ltr'><em>provincias</em></span> <span class='ocrx_word' id='word_1_1071' title='bbox 2007 1981 2259 2040; x_wconf 63' lang='lat' dir='ltr'><em>herebannum</em></span> 
     </span>
     <span class='ocr_line' id='line_1_194' title="bbox 1624 2041 2260 2154; baseline -0.003 -62"><span class='ocrx_word' id='word_1_1072' title='bbox 1624 2045 1749 2154; x_wconf 63' lang='lat' dir='ltr'><em>urissent</em></span> <span class='ocrx_word' id='word_1_1073' title='bbox 1774 2045 1898 2094; x_wconf 87' lang='lat' dir='ltr'><em>subdita.</em></span> <span class='ocrx_word' id='word_1_1074' title='bbox 1927 2041 1998 2092; x_wconf 88' lang='lat' dir='ltr'><em>Vide</em></span> <span class='ocrx_word' id='word_1_1075' title='bbox 2031 2041 2193 2100; x_wconf 83' lang='lat' dir='ltr'><em>Castellum,</em></span> <span class='ocrx_word' id='word_1_1076' title='bbox 2231 2045 2260 2092; x_wconf 90' lang='lat' dir='ltr'><em>et</em></span> 
     </span>
     <span class='ocr_line' id='line_1_195' title="bbox 1645 2105 1735 2152; baseline 0 0"><span class='ocrx_word' id='word_1_1077' title='bbox 1645 2105 1735 2152; x_wconf 84' lang='lat' dir='ltr'><em>initus.</em></span> 
     </span>
    </p>

    <p class='ocr_par' dir='ltr' id='par_1_40' title="bbox 1621 2163 2261 2406">
     <span class='ocr_line' id='line_1_196' title="bbox 1655 2163 2261 2224; baseline -0.003 -10"><span class='ocrx_word' id='word_1_1078' title='bbox 1655 2167 1802 2216; x_wconf 45' lang='lat' dir='ltr'><em>Cllsrnurr</em></span> <span class='ocrx_word' id='word_1_1079' title='bbox 1818 2167 1990 2222; x_wconf 75' lang='lat' dir='ltr'><em>Poenicum,</em></span> <span class='ocrx_word' id='word_1_1080' title='bbox 2006 2167 2080 2224; x_wconf 83' lang='lat' dir='ltr'><em>quod</em></span> <span class='ocrx_word' id='word_1_1081' title='bbox 2090 2163 2173 2222; x_wconf 80' lang='lat' dir='ltr'><em>Regii</em></span> <span class='ocrx_word' id='word_1_1082' title='bbox 2185 2165 2261 2224; x_wconf 85' lang='lat' dir='ltr'><em>juris</em></span> 
     </span>
     <span class='ocr_line' id='line_1_197' title="bbox 1624 2225 2260 2286; baseline -0.003 -12"><span class='ocrx_word' id='word_1_1083' title='bbox 1624 2227 1694 2284; x_wconf 84' lang='lat' dir='ltr'><em>erat,</em></span> <span class='ocrx_word' id='word_1_1084' title='bbox 1730 2227 1806 2286; x_wconf 89' lang='lat' dir='ltr'><em>apud</em></span> <span class='ocrx_word' id='word_1_1085' title='bbox 1841 2227 1995 2284; x_wconf 80' lang='lat' dir='ltr'><em>Hugonem</em></span> <span class='ocrx_word' id='word_1_1086' title='bbox 2033 2225 2192 2272; x_wconf 85' lang='lat' dir='ltr'><em>Flaviniac.</em></span> <span class='ocrx_word' id='word_1_1087' title='bbox 2230 2227 2260 2272; x_wconf 91' lang='lat' dir='ltr'><em>in</em></span> 
     </span>
     <span class='ocr_line' id='line_1_198' title="bbox 1625 2283 2261 2392; baseline -0.003 -58"><span class='ocrx_word' id='word_1_1088' title='bbox 1625 2285 1728 2392; x_wconf 57' lang='lat' dir='ltr'><em>Ohbin&#39;</em></span> <span class='ocrx_word' id='word_1_1089' title='bbox 1746 2287 1875 2334; x_wconf 76' lang='lat' dir='ltr'><em>Viscum:</em></span> <span class='ocrx_word' id='word_1_1090' title='bbox 1892 2287 1992 2332; x_wconf 89' lang='lat' dir='ltr'><em>Acium</em></span> <span class='ocrx_word' id='word_1_1091' title='bbox 2003 2283 2161 2334; x_wconf 78' lang='lat' dir='ltr'><em>liuoiuiaco</em></span> <span class='ocrx_word' id='word_1_1092' title='bbox 2173 2291 2261 2332; x_wconf 89' lang='lat' dir='ltr'><em>casira</em></span> 
     </span>
     <span class='ocr_line' id='line_1_199' title="bbox 1621 2359 1808 2406; baseline 0 -14"><span class='ocrx_word' id='word_1_1093' title='bbox 1621 2359 1661 2406; x_wconf 81' lang='lat' dir='ltr'><em>pu</em></span> <span class='ocrx_word' id='word_1_1094' title='bbox 1691 2361 1740 2392; x_wconf 85' lang='lat' dir='ltr'><em>rea.</em></span> <span class='ocrx_word' id='word_1_1095' title='bbox 1804 2395 1808 2400; x_wconf 69' lang='lat'><em>.</em></span> 
     </span>
    </p>

    <p class='ocr_par' dir='ltr' id='par_1_41' title="bbox 1625 2403 2264 3430">
     <span class='ocr_line' id='line_1_200' title="bbox 1656 2403 2261 2456; baseline -0.003 -2"><span class='ocrx_word' id='word_1_1096' title='bbox 1656 2407 1843 2456; x_wconf 60' lang='lat' dir='ltr'><em>Gtssrnorta&#39;rr</em></span> <span class='ocrx_word' id='word_1_1097' title='bbox 1859 2405 1974 2454; x_wconf 91' lang='lat' dir='ltr'><em>nomine</em></span> <span class='ocrx_word' id='word_1_1098' title='bbox 1990 2403 2136 2454; x_wconf 89' lang='lat' dir='ltr'><em>interdum</em></span> <span class='ocrx_word' id='word_1_1099' title='bbox 2153 2405 2261 2454; x_wconf 88' lang='lat' dir='ltr'><em>donata</em></span> 
     </span>
     <span class='ocr_line' id='line_1_201' title="bbox 1625 2467 2261 2524; baseline -0.003 -10"><span class='ocrx_word' id='word_1_1100' title='bbox 1625 2467 1735 2524; x_wconf 84' lang='lat' dir='ltr'><em>domus,</em></span> <span class='ocrx_word' id='word_1_1101' title='bbox 1751 2479 1800 2514; x_wconf 90' lang='lat' dir='ltr'><em>seu</em></span> <span class='ocrx_word' id='word_1_1102' title='bbox 1814 2467 1959 2514; x_wconf 82' lang='lat' dir='ltr'><em>Palatium</em></span> <span class='ocrx_word' id='word_1_1103' title='bbox 1974 2467 2128 2524; x_wconf 89' lang='lat' dir='ltr'><em>Principis,</em></span> <span class='ocrx_word' id='word_1_1104' title='bbox 2145 2467 2261 2514; x_wconf 86' lang='lat' dir='ltr'><em>Comitu-</em></span> 
     </span>
     <span class='ocr_line' id='line_1_202' title="bbox 1626 2525 2262 2608; baseline 0.006 -38"><span class='ocrx_word' id='word_1_1105' title='bbox 1626 2529 1692 2574; x_wconf 87' lang='lat' dir='ltr'><em>itts:</em></span> <span class='ocrx_word' id='word_1_1106' title='bbox 1707 2525 1881 2596; x_wconf 71' lang='lat' dir='ltr'><em>esparbueior,</em></span> <span class='ocrx_word' id='word_1_1107' title='bbox 1898 2529 1925 2574; x_wconf 79' lang='lat' dir='ltr'><em>et</em></span> <span class='ocrx_word' id='word_1_1108' title='bbox 1947 2527 1974 2596; x_wconf 68' lang='lat' dir='ltr'><em>rb</em></span> <span class='ocrx_word' id='word_1_1109' title='bbox 1997 2531 2062 2608; x_wconf 51' lang='grc' dir='ltr'>θεξον</span> <span class='ocrx_word' id='word_1_1110' title='bbox 2087 2527 2262 2596; x_wconf 67' lang='lat' dir='ltr'><em>cucurbitarios,</em></span> 
     </span>
     <span class='ocr_line' id='line_1_203' title="bbox 1626 2587 2260 2706; baseline 0 -12"><span class='ocrx_word' id='word_1_1111' title='bbox 1626 2587 2217 2716; x_wconf 45' lang='lat' dir='ltr'><em>EbigtolstinfbbbrbbsiiplesttVffilebttiirlibnit</em></span> <span class='ocrx_word' id='word_1_1112' title='bbox 2223 2599 2260 2694; x_wconf 62' lang='lat' dir='ltr'><em>bill</em></span> 
     </span>
     <span class='ocr_line' id='line_1_204' title="bbox 1627 2701 2262 2770; baseline 0 -16"><span class='ocrx_word' id='word_1_1113' title='bbox 1627 2707 1773 2766; x_wconf 83' lang='lat' dir='ltr'><em>Synoduili</em></span> <span class='ocrx_word' id='word_1_1114' title='bbox 1788 2707 1983 2768; x_wconf 69' lang='lat' dir='ltr'><em>Episemou,</em></span> <span class='ocrx_word' id='word_1_1115' title='bbox 2001 2707 2027 2756; x_wconf 79' lang='lat' dir='ltr'><em>rb</em></span> <span class='ocrx_word' id='word_1_1116' title='bbox 2043 2701 2145 2762; x_wconf 72' lang='lat' dir='ltr'><em>eboeb&#39;er</em></span> <span class='ocrx_word' id='word_1_1117' title='bbox 2156 2707 2262 2770; x_wconf 74' lang='grc' dir='ltr'>,στρατό-</span> 
     </span>
     <span class='ocr_line' id='line_1_205' title="bbox 1625 2765 2261 2828; baseline 0.006 -14"><span class='ocrx_word' id='word_1_1118' title='bbox 1625 2771 1709 2824; x_wconf 78' lang='grc' dir='ltr'>πεδον,</span> <span class='ocrx_word' id='word_1_1119' title='bbox 1721 2765 1752 2814; x_wconf 90' lang='lat' dir='ltr'><em>in</em></span> <span class='ocrx_word' id='word_1_1120' title='bbox 1765 2767 1902 2816; x_wconf 83' lang='lat' dir='ltr'><em>Mandata</em></span> <span class='ocrx_word' id='word_1_1121' title='bbox 1913 2767 2042 2826; x_wconf 85' lang='lat' dir='ltr'><em>ejusdem</em></span> <span class='ocrx_word' id='word_1_1122' title='bbox 2057 2767 2179 2826; x_wconf 85' lang='lat' dir='ltr'><em>Synodi;</em></span> <span class='ocrx_word' id='word_1_1123' title='bbox 2193 2779 2261 2828; x_wconf 74' lang='lat' dir='ltr'><em>prra-</em></span> 
     </span>
     <span class='ocr_line' id='line_1_206' title="bbox 1625 2827 2262 2888; baseline 0.006 -14"><span class='ocrx_word' id='word_1_1124' title='bbox 1625 2829 1704 2876; x_wconf 87' lang='lat' dir='ltr'><em>terea</em></span> <span class='ocrx_word' id='word_1_1125' title='bbox 1718 2827 1795 2888; x_wconf 90' lang='lat' dir='ltr'><em>apud</em></span> <span class='ocrx_word' id='word_1_1126' title='bbox 1809 2827 1971 2878; x_wconf 87' lang='lat' dir='ltr'><em>Palladium</em></span> <span class='ocrx_word' id='word_1_1127' title='bbox 1987 2829 2020 2876; x_wconf 93' lang='lat' dir='ltr'><em>in</em></span> <span class='ocrx_word' id='word_1_1128' title='bbox 2033 2827 2100 2878; x_wconf 87' lang='lat' dir='ltr'><em>Vita</em></span> <span class='ocrx_word' id='word_1_1129' title='bbox 2122 2827 2262 2888; x_wconf 82' lang='lat' dir='ltr'><em>Chrysas·</em></span> 
     </span>
     <span class='ocr_line' id='line_1_207' title="bbox 1626 2887 2263 2950; baseline 0.003 -14"><span class='ocrx_word' id='word_1_1130' title='bbox 1626 2887 1697 2936; x_wconf 88' lang='lat' dir='ltr'><em>tomi</em></span> <span class='ocrx_word' id='word_1_1131' title='bbox 1713 2899 1788 2950; x_wconf 78' lang='lat' dir='ltr'><em>pag.</em></span> <span class='ocrx_word' id='word_1_1132' title='bbox 1804 2887 1841 2936; x_wconf 79' lang='grc'><em>58.</em></span> <span class='ocrx_word' id='word_1_1133' title='bbox 1856 2889 2073 2938; x_wconf 85' lang='lat' dir='ltr'><em>EditEmerlci</em></span> <span class='ocrx_word' id='word_1_1134' title='bbox 2101 2889 2220 2950; x_wconf 84' lang='lat' dir='ltr'><em>Bigotii,</em></span> <span class='ocrx_word' id='word_1_1135' title='bbox 2234 2891 2263 2938; x_wconf 92' lang='lat' dir='ltr'><em>in</em></span> 
     </span>
     <span class='ocr_line' id='line_1_208' title="bbox 1626 2947 2263 3008; baseline 0.003 -12"><span class='ocrx_word' id='word_1_1136' title='bbox 1626 2947 1756 3008; x_wconf 83' lang='lat' dir='ltr'><em>ejusdem</em></span> <span class='ocrx_word' id='word_1_1137' title='bbox 1771 2947 1890 3008; x_wconf 70' lang='lat' dir='ltr'><em>liturgia</em></span> <span class='ocrx_word' id='word_1_1138' title='bbox 1915 2949 1944 2998; x_wconf 91' lang='lat' dir='ltr'><em>et</em></span> <span class='ocrx_word' id='word_1_1139' title='bbox 1967 2949 1994 2998; x_wconf 88' lang='lat' dir='ltr'><em>S.</em></span> <span class='ocrx_word' id='word_1_1140' title='bbox 2017 2949 2130 3008; x_wconf 87' lang='lat' dir='ltr'><em>Basilii,</em></span> <span class='ocrx_word' id='word_1_1141' title='bbox 2145 2953 2174 2998; x_wconf 91' lang='grc' dir='ltr'><em>θῖ</em></span> <span class='ocrx_word' id='word_1_1142' title='bbox 2194 2949 2263 2998; x_wconf 89' lang='lat' dir='ltr'><em>alibi</em></span> 
     </span>
     <span class='ocr_line' id='line_1_209' title="bbox 1626 3009 2263 3072; baseline 0.006 -16"><span class='ocrx_word' id='word_1_1143' title='bbox 1626 3019 1683 3070; x_wconf 89' lang='lat' dir='ltr'><em>non</em></span> <span class='ocrx_word' id='word_1_1144' title='bbox 1707 3009 1803 3072; x_wconf 86' lang='lat' dir='ltr'><em>semel.</em></span> <span class='ocrx_word' id='word_1_1145' title='bbox 1829 3009 1905 3070; x_wconf 82' lang='lat' dir='ltr'><em>Hinc</em></span> <span class='ocrx_word' id='word_1_1146' title='bbox 1926 3009 2085 3068; x_wconf 86' lang='lat' dir='ltr'><em>Castrensia</em></span> <span class='ocrx_word' id='word_1_1147' title='bbox 2113 3009 2263 3068; x_wconf 81' lang='lat' dir='ltr'><em>trunio,id</em></span> 
     </span>
     <span class='ocr_line' id='line_1_210' title="bbox 1625 3067 2262 3130; baseline 0.003 -14"><span class='ocrx_word' id='word_1_1148' title='bbox 1625 3071 1678 3124; x_wconf 88' lang='lat' dir='ltr'><em>est,</em></span> <span class='ocrx_word' id='word_1_1149' title='bbox 1691 3069 1721 3116; x_wconf 96' lang='lat' dir='ltr'><em>in</em></span> <span class='ocrx_word' id='word_1_1150' title='bbox 1734 3069 1847 3118; x_wconf 88' lang='lat' dir='ltr'><em>Palatio</em></span> <span class='ocrx_word' id='word_1_1151' title='bbox 1859 3067 1948 3128; x_wconf 86' lang='lat' dir='ltr'><em>obita,</em></span> <span class='ocrx_word' id='word_1_1152' title='bbox 1962 3071 1993 3118; x_wconf 92' lang='lat' dir='ltr'><em>in</em></span> <span class='ocrx_word' id='word_1_1153' title='bbox 2015 3073 2069 3130; x_wconf 76' lang='lat' dir='ltr'><em>leg.</em></span> <span class='ocrx_word' id='word_1_1154' title='bbox 2083 3071 2107 3118; x_wconf 91' lang='grc'><strong>2.</strong></span> <span class='ocrx_word' id='word_1_1155' title='bbox 2125 3071 2192 3118; x_wconf 86' lang='lat' dir='ltr'><em>Ood.</em></span> <span class='ocrx_word' id='word_1_1156' title='bbox 2210 3071 2262 3118; x_wconf 81' lang='lat' dir='ltr'><em>Tu.</em></span> 
     </span>
     <span class='ocr_line' id='line_1_211' title="bbox 1626 3127 2263 3190; baseline 0.006 -14"><span class='ocrx_word' id='word_1_1157' title='bbox 1626 3127 1660 3176; x_wconf 89' lang='lat' dir='ltr'><em>de</em></span> <span class='ocrx_word' id='word_1_1158' title='bbox 1674 3129 1801 3182; x_wconf 81' lang='lat' dir='ltr'><em>Tractor.</em></span> <span class='ocrx_word' id='word_1_1159' title='bbox 1816 3127 1849 3190; x_wconf 83' lang='lat'><em>(8,</em></span> <span class='ocrx_word' id='word_1_1160' title='bbox 1862 3129 1886 3184; x_wconf 82' lang='grc'><strong>8,</strong></span> <span class='ocrx_word' id='word_1_1161' title='bbox 1904 3129 1929 3178; x_wconf 90' lang='grc'><em>1.</em></span> <span class='ocrx_word' id='word_1_1162' title='bbox 1961 3129 2052 3180; x_wconf 84' lang='lat' dir='ltr'><em>Aliter</em></span> <span class='ocrx_word' id='word_1_1163' title='bbox 2078 3131 2177 3180; x_wconf 88' lang='lat' dir='ltr'><em>tamen</em></span> <span class='ocrx_word' id='word_1_1164' title='bbox 2199 3141 2263 3180; x_wconf 92' lang='lat' dir='ltr'><em>cen·</em></span> 
     </span>
     <span class='ocr_line' id='line_1_212' title="bbox 1626 3187 2264 3262; baseline 0.003 -26"><span class='ocrx_word' id='word_1_1165' title='bbox 1626 3187 1687 3258; x_wconf 75' lang='lat' dir='ltr'><em>suit</em></span> <span class='ocrx_word' id='word_1_1166' title='bbox 1710 3187 1871 3260; x_wconf 82' lang='lat' dir='ltr'><em>Salmasius</em></span> <span class='ocrx_word' id='word_1_1167' title='bbox 1899 3201 1915 3236; x_wconf 87' lang='lat' dir='ltr'><em>a</em></span> <span class='ocrx_word' id='word_1_1168' title='bbox 1967 3187 2169 3262; x_wconf 80' lang='lat' dir='ltr'><em>Lampridium</em></span> <span class='ocrx_word' id='word_1_1169' title='bbox 2196 3201 2264 3250; x_wconf 76' lang='lat' dir='ltr'><em>pag.</em></span> 
     </span>
     <span class='ocr_line' id='line_1_213' title="bbox 1625 3247 2262 3312; baseline 0 -14"><span class='ocrx_word' id='word_1_1170' title='bbox 1625 3247 1679 3298; x_wconf 73' lang='lat' dir='ltr'><em>nia.</em></span> <span class='ocrx_word' id='word_1_1171' title='bbox 1693 3247 1742 3298; x_wconf 88' lang='lat' dir='ltr'><em>ubr</em></span> <span class='ocrx_word' id='word_1_1172' title='bbox 1757 3249 1871 3298; x_wconf 76' lang='lat' dir='ltr'><em>fallitur</em></span> <span class='ocrx_word' id='word_1_1173' title='bbox 1885 3249 1914 3308; x_wconf 87' lang='lat' dir='ltr'><em>in</em></span> <span class='ocrx_word' id='word_1_1174' title='bbox 1928 3249 1993 3298; x_wconf 85' lang='lat' dir='ltr'><em>Cori</em></span> <span class='ocrx_word' id='word_1_1175' title='bbox 2015 3263 2045 3312; x_wconf 84' lang='lat' dir='ltr'><em>pr</em></span> <span class='ocrx_word' id='word_1_1176' title='bbox 2060 3263 2153 3312; x_wconf 88' lang='lat' dir='ltr'><em>versu,</em></span> <span class='ocrx_word' id='word_1_1177' title='bbox 2177 3263 2262 3310; x_wconf 84' lang='lat' dir='ltr'><em>quem</em></span> 
     </span>
     <span class='ocr_line' id='line_1_214' title="bbox 1626 3307 2261 3430; baseline 0.002 -73"><span class='ocrx_word' id='word_1_1178' title='bbox 1626 3309 1671 3418; x_wconf 62' lang='lat' dir='ltr'><em>{ilc3</em></span> <span class='ocrx_word' id='word_1_1179' title='bbox 1682 3309 1760 3430; x_wconf 61' lang='lat' dir='ltr'><em>uegit,</em></span> <span class='ocrx_word' id='word_1_1180' title='bbox 1774 3307 1817 3370; x_wconf 97' lang='grc'><em>[88</em></span> <span class='ocrx_word' id='word_1_1181' title='bbox 1831 3313 1873 3358; x_wconf 88' lang='lat' dir='ltr'><em>De</em></span> <span class='ocrx_word' id='word_1_1182' title='bbox 1888 3313 1965 3360; x_wconf 89' lang='lat' dir='ltr'><em>laud.</em></span> <span class='ocrx_word' id='word_1_1183' title='bbox 2003 3311 2058 3360; x_wconf 88' lang='lat' dir='ltr'><em>ast.</em></span> <span class='ocrx_word' id='word_1_1184' title='bbox 2074 3311 2123 3360; x_wconf 91' lang='lat' dir='ltr'><em>lib.</em></span> <span class='ocrx_word' id='word_1_1185' title='bbox 2141 3313 2166 3358; x_wconf 89' lang='lat'><em>3.</em></span> <span class='ocrx_word' id='word_1_1186' title='bbox 2189 3323 2261 3360; x_wconf 90' lang='lat' dir='ltr'><em>vers.</em></span> 
     </span>
    </p>
   </div>
   <div class='ocr_carea' id='block_1_29' title="bbox 1706 3463 2190 3516">
    <p class='ocr_par' dir='ltr' id='par_1_42' title="bbox 1706 3463 2190 3516">
     <span class='ocr_line' id='line_1_215' title="bbox 1706 3463 2190 3516; baseline 0.008 -14"><span class='ocrx_word' id='word_1_1187' title='bbox 1706 3463 1776 3504; x_wconf 81' lang='lat' dir='ltr'><em>Adicit</em></span> <span class='ocrx_word' id='word_1_1188' title='bbox 1790 3463 1887 3516; x_wconf 73' lang='lat' dir='ltr'><em>ohseqmo</em></span> <span class='ocrx_word' id='word_1_1189' title='bbox 1896 3463 2013 3506; x_wconf 85' lang='lat' dir='ltr'><em>Castrorum</em></span> <span class='ocrx_word' id='word_1_1190' title='bbox 2024 3465 2082 3508; x_wconf 81' lang='lat' dir='ltr'><em>turba</em></span> <span class='ocrx_word' id='word_1_1191' title='bbox 2093 3465 2190 3508; x_wconf 83' lang='lat' dir='ltr'><em>virorum.</em></span> 
     </span>
    </p>
   </div>
   <div class='ocr_carea' id='block_1_30' title="bbox 1626 3551 2268 5476">
    <p class='ocr_par' dir='ltr' id='par_1_43' title="bbox 1626 3551 2264 3976">
     <span class='ocr_line' id='line_1_216' title="bbox 1628 3551 2261 3612; baseline 0.003 -14"><span class='ocrx_word' id='word_1_1192' title='bbox 1628 3551 1781 3610; x_wconf 85' lang='lat' dir='ltr'><em>Sequentia</em></span> <span class='ocrx_word' id='word_1_1193' title='bbox 1796 3553 1872 3604; x_wconf 89' lang='lat' dir='ltr'><em>enirn</em></span> <span class='ocrx_word' id='word_1_1194' title='bbox 1881 3553 1953 3604; x_wconf 87' lang='lat' dir='ltr'><em>satis</em></span> <span class='ocrx_word' id='word_1_1195' title='bbox 1965 3553 2097 3604; x_wconf 86' lang='lat' dir='ltr'><em>indicant</em></span> <span class='ocrx_word' id='word_1_1196' title='bbox 2109 3553 2261 3612; x_wconf 82' lang='lat' dir='ltr'><em>legendum</em></span> 
     </span>
     <span class='ocr_line' id='line_1_217' title="bbox 1629 3611 2261 3676; baseline 0.005 -19"><span class='ocrx_word' id='word_1_1197' title='bbox 1629 3611 1780 3672; x_wconf 84' lang='lat' dir='ltr'><em>Castorum,</em></span> <span class='ocrx_word' id='word_1_1198' title='bbox 1797 3613 1977 3676; x_wconf 80' lang='lat' dir='ltr'><em>intelligique</em></span> <span class='ocrx_word' id='word_1_1199' title='bbox 1995 3613 2151 3672; x_wconf 87' lang='lat' dir='ltr'><em>Eunuchos</em></span> <span class='ocrx_word' id='word_1_1200' title='bbox 2167 3613 2261 3674; x_wconf 88' lang='lat' dir='ltr'><em>Impe-</em></span> 
     </span>
     <span class='ocr_line' id='line_1_218' title="bbox 1626 3673 2264 3742; baseline 0.003 -24"><span class='ocrx_word' id='word_1_1201' title='bbox 1626 3673 1758 3742; x_wconf 74' lang='lat' dir='ltr'><em>ratorios,</em></span> <span class='ocrx_word' id='word_1_1202' title='bbox 1772 3675 1806 3722; x_wconf 92' lang='lat' dir='ltr'><em>de</em></span> <span class='ocrx_word' id='word_1_1203' title='bbox 1821 3685 1943 3732; x_wconf 82' lang='lat' dir='ltr'><em>quorum</em></span> <span class='ocrx_word' id='word_1_1204' title='bbox 1959 3673 2051 3722; x_wconf 89' lang='lat' dir='ltr'><em>inrita</em></span> <span class='ocrx_word' id='word_1_1205' title='bbox 2072 3673 2206 3724; x_wconf 87' lang='lat' dir='ltr'><em>castitate</em></span> <span class='ocrx_word' id='word_1_1206' title='bbox 2222 3673 2264 3720; x_wconf 87' lang='lat' dir='ltr'><em>sic</em></span> 
     </span>
     <span class='ocr_line' id='line_1_219' title="bbox 1628 3733 2263 3796; baseline -0.003 -16"><span class='ocrx_word' id='word_1_1207' title='bbox 1628 3733 1795 3782; x_wconf 80' lang='lat' dir='ltr'><em>S.Buslllus</em></span> <span class='ocrx_word' id='word_1_1208' title='bbox 1819 3733 1910 3796; x_wconf 79' lang='lat' dir='ltr'><em>Epist.</em></span> <span class='ocrx_word' id='word_1_1209' title='bbox 1932 3733 1980 3782; x_wconf 81' lang='lat'><em>87:</em></span> <span class='ocrx_word' id='word_1_1210' title='bbox 2004 3733 2088 3792; x_wconf 61' lang='lat' dir='ltr'><em>aizoi</em></span> <span class='ocrx_word' id='word_1_1211' title='bbox 2106 3737 2263 3792; x_wconf 73' lang='grc' dir='ltr'>σωφρονοῦσι</span> 
     </span>
     <span class='ocr_line' id='line_1_220' title="bbox 1627 3789 2264 3916; baseline -0.003 -14"><span class='ocrx_word' id='word_1_1212' title='bbox 1627 3789 2264 3916; x_wconf 54' lang='grc' dir='ltr'><em>11111111111111111111111811181.ι</em></span> 
     </span>
     <span class='ocr_line' id='line_1_221' title="bbox 1628 3853 1971 3976; baseline 0 -14"><span class='ocrx_word' id='word_1_1213' title='bbox 1628 3913 1687 3974; x_wconf 80' lang='lat' dir='ltr'><em>gin.</em></span> <span class='ocrx_word' id='word_1_1214' title='bbox 1701 3913 1751 3964; x_wconf 87' lang='lat' dir='ltr'><em>lib.</em></span> <span class='ocrx_word' id='word_1_1215' title='bbox 1763 3915 1801 3966; x_wconf 88' lang='lat'><em>10.</em></span> <span class='ocrx_word' id='word_1_1216' title='bbox 1821 3917 1890 3964; x_wconf 89' lang='lat' dir='ltr'><em>sect.</em></span> <span class='ocrx_word' id='word_1_1217' title='bbox 1904 3853 1971 3976; x_wconf 61' lang='lat' dir='ltr'><em>:it-li</em></span> 
     </span>
    </p>

    <p class='ocr_par' dir='ltr' id='par_1_44' title="bbox 1626 3969 2265 4816">
     <span class='ocr_line' id='line_1_222' title="bbox 1658 3969 2262 4036; baseline -0.003 -14"><span class='ocrx_word' id='word_1_1218' title='bbox 1658 3973 1851 4036; x_wconf 78' lang='lat' dir='ltr'><em>Cssrnnnsns</em></span> <span class='ocrx_word' id='word_1_1219' title='bbox 1868 3977 1895 4024; x_wconf 87' lang='lat' dir='ltr'><em>et</em></span> <span class='ocrx_word' id='word_1_1220' title='bbox 1911 3969 2145 4028; x_wconf 72' lang='lat' dir='ltr'><em>riseranssmsr,</em></span> <span class='ocrx_word' id='word_1_1221' title='bbox 2159 3969 2262 4020; x_wconf 83' lang='lat' dir='ltr'><em>Minis-</em></span> 
     </span>
     <span class='ocr_line' id='line_1_223' title="bbox 1628 4029 2263 4096; baseline -0.009 -12"><span class='ocrx_word' id='word_1_1222' title='bbox 1628 4035 1663 4084; x_wconf 92' lang='lat' dir='ltr'><em>tri</em></span> <span class='ocrx_word' id='word_1_1223' title='bbox 1693 4035 1868 4096; x_wconf 80' lang='lat' dir='ltr'><em>Castrorum,</em></span> <span class='ocrx_word' id='word_1_1224' title='bbox 1895 4033 1968 4084; x_wconf 88' lang='lat' dir='ltr'><em>aulae</em></span> <span class='ocrx_word' id='word_1_1225' title='bbox 1996 4033 2115 4090; x_wconf 78' lang='lat' dir='ltr'><em>Regiae:</em></span> <span class='ocrx_word' id='word_1_1226' title='bbox 2140 4029 2263 4080; x_wconf 79' lang='lat' dir='ltr'><em>Minium</em></span> 
     </span>
     <span class='ocr_line' id='line_1_224' title="bbox 1628 4091 2262 4154; baseline 0 -14"><span class='ocrx_word' id='word_1_1227' title='bbox 1628 4095 1827 4154; x_wconf 66' lang='lat' dir='ltr'><em>austrannus</em></span> <span class='ocrx_word' id='word_1_1228' title='bbox 1849 4093 2099 4154; x_wconf 88' lang='lat' dir='ltr'><em>udLampridium</em></span> <span class='ocrx_word' id='word_1_1229' title='bbox 2115 4093 2144 4138; x_wconf 92' lang='lat' dir='ltr'><em>in</em></span> <span class='ocrx_word' id='word_1_1230' title='bbox 2160 4091 2262 4140; x_wconf 84' lang='lat' dir='ltr'><em>Severo</em></span> 
     </span>
     <span class='ocr_line' id='line_1_225' title="bbox 1627 4107 2261 4224; baseline -0.006 -20"><span class='ocrx_word' id='word_1_1231' title='bbox 1627 4167 1689 4216; x_wconf 90' lang='lat' dir='ltr'><em>cap.</em></span> <span class='ocrx_word' id='word_1_1232' title='bbox 1704 4157 1744 4204; x_wconf 86' lang='lat'><em>41.</em></span> <span class='ocrx_word' id='word_1_1233' title='bbox 1756 4157 1805 4216; x_wconf 82' lang='lat' dir='ltr'><em>qui</em></span> <span class='ocrx_word' id='word_1_1234' title='bbox 1823 4107 1869 4204; x_wconf 71' lang='lat' dir='ltr'><em>iiis</em></span> <span class='ocrx_word' id='word_1_1235' title='bbox 1888 4153 2021 4224; x_wconf 80' lang='lat' dir='ltr'><em>accenset</em></span> <span class='ocrx_word' id='word_1_1236' title='bbox 2036 4151 2182 4210; x_wconf 68' lang='lat' dir='ltr'><em>Fullones</em></span> <span class='ocrx_word' id='word_1_1237' title='bbox 2196 4153 2261 4200; x_wconf 88' lang='lat' dir='ltr'><em>Ves-</em></span> 
     </span>
     <span class='ocr_line' id='line_1_226' title="bbox 1627 4213 2263 4274; baseline -0.006 -10"><span class='ocrx_word' id='word_1_1238' title='bbox 1627 4217 1736 4274; x_wconf 77' lang='lat' dir='ltr'><em>titoreS,</em></span> <span class='ocrx_word' id='word_1_1239' title='bbox 1758 4217 1894 4270; x_wconf 84' lang='lat' dir='ltr'><em>Pictores,</em></span> <span class='ocrx_word' id='word_1_1240' title='bbox 1916 4215 2081 4270; x_wconf 84' lang='lat' dir='ltr'><em>Prncernas,</em></span> <span class='ocrx_word' id='word_1_1241' title='bbox 2099 4213 2152 4260; x_wconf 90' lang='lat' dir='ltr'><em>etc.</em></span> <span class='ocrx_word' id='word_1_1242' title='bbox 2177 4213 2263 4260; x_wconf 86' lang='lat' dir='ltr'><em>Puta-</em></span> 
     </span>
     <span class='ocr_line' id='line_1_227' title="bbox 1627 4273 2262 4336; baseline -0.006 -12"><span class='ocrx_word' id='word_1_1243' title='bbox 1627 4275 1694 4324; x_wconf 87' lang='lat' dir='ltr'><em>iinis</em></span> <span class='ocrx_word' id='word_1_1244' title='bbox 1709 4277 1785 4336; x_wconf 89' lang='lat' dir='ltr'><em>inira</em></span> <span class='ocrx_word' id='word_1_1245' title='bbox 1807 4275 1902 4324; x_wconf 87' lang='lat' dir='ltr'><em>auium</em></span> <span class='ocrx_word' id='word_1_1246' title='bbox 1922 4273 2056 4336; x_wconf 85' lang='lat' dir='ltr'><em>obsequiis</em></span> <span class='ocrx_word' id='word_1_1247' title='bbox 2076 4273 2211 4334; x_wconf 77' lang='lat' dir='ltr'><em>deputati,</em></span> <span class='ocrx_word' id='word_1_1248' title='bbox 2233 4275 2262 4322; x_wconf 91' lang='lat' dir='ltr'><em>in</em></span> 
     </span>
     <span class='ocr_line' id='line_1_228' title="bbox 1628 4333 2262 4396; baseline -0.003 -12"><span class='ocrx_word' id='word_1_1249' title='bbox 1628 4339 1681 4396; x_wconf 82' lang='lat' dir='ltr'><em>leg.</em></span> <span class='ocrx_word' id='word_1_1250' title='bbox 1698 4337 1736 4384; x_wconf 79' lang='lat'><em>12.</em></span> <span class='ocrx_word' id='word_1_1251' title='bbox 1751 4337 1816 4384; x_wconf 85' lang='lat' dir='ltr'><em>eod.</em></span> <span class='ocrx_word' id='word_1_1252' title='bbox 1830 4333 1936 4386; x_wconf 79' lang='lat' dir='ltr'><em>Theod.</em></span> <span class='ocrx_word' id='word_1_1253' title='bbox 1949 4333 1984 4382; x_wconf 91' lang='lat' dir='ltr'><em>de</em></span> <span class='ocrx_word' id='word_1_1254' title='bbox 2001 4333 2092 4382; x_wconf 86' lang='lat' dir='ltr'><em>Palat.</em></span> <span class='ocrx_word' id='word_1_1255' title='bbox 2105 4345 2177 4384; x_wconf 87' lang='lat' dir='ltr'><em>sacr.</em></span> <span class='ocrx_word' id='word_1_1256' title='bbox 2191 4335 2262 4392; x_wconf 78' lang='lat' dir='ltr'><em>larg.</em></span> 
     </span>
     <span class='ocr_line' id='line_1_229' title="bbox 1626 4393 2263 4456; baseline 0 -12"><span class='ocrx_word' id='word_1_1257' title='bbox 1626 4397 1659 4456; x_wconf 86' lang='grc'><strong>(8,</strong></span> <span class='ocrx_word' id='word_1_1258' title='bbox 1672 4397 1723 4456; x_wconf 81' lang='grc'><strong>80.)</strong></span> <span class='ocrx_word' id='word_1_1259' title='bbox 1742 4393 1938 4444; x_wconf 87' lang='lat' dir='ltr'><em>Tertullianus</em></span> <span class='ocrx_word' id='word_1_1260' title='bbox 1959 4393 1994 4444; x_wconf 92' lang='lat' dir='ltr'><em>de</em></span> <span class='ocrx_word' id='word_1_1261' title='bbox 2014 4393 2124 4444; x_wconf 84' lang='lat' dir='ltr'><em>Corona</em></span> <span class='ocrx_word' id='word_1_1262' title='bbox 2137 4405 2199 4454; x_wconf 91' lang='lat' dir='ltr'><em>cap.</em></span> <span class='ocrx_word' id='word_1_1263' title='bbox 2216 4395 2263 4444; x_wconf 80' lang='lat'><em>12:</em></span> 
     </span>
     <span class='ocr_line' id='line_1_230' title="bbox 1626 4453 2265 4516; baseline -0.003 -12"><span class='ocrx_word' id='word_1_1264' title='bbox 1626 4457 1677 4504; x_wconf 86' lang='lat' dir='ltr'><em>Est</em></span> <span class='ocrx_word' id='word_1_1265' title='bbox 1692 4463 1716 4504; x_wconf 92' lang='lat' dir='ltr'><em>ei</em></span> <span class='ocrx_word' id='word_1_1266' title='bbox 1730 4457 1789 4504; x_wconf 87' lang='lat' dir='ltr'><em>ulia</em></span> <span class='ocrx_word' id='word_1_1267' title='bbox 1803 4453 1904 4502; x_wconf 86' lang='lat' dir='ltr'><em>miiiiiu</em></span> <span class='ocrx_word' id='word_1_1268' title='bbox 1916 4453 2058 4516; x_wconf 71' lang='lat' dir='ltr'><em>recturum</em></span> <span class='ocrx_word' id='word_1_1269' title='bbox 2069 4453 2265 4514; x_wconf 58' lang='lat' dir='ltr'><em>familiarum·</em></span> 
     </span>
     <span class='ocr_line' id='line_1_231' title="bbox 1626 4515 2264 4576; baseline 0 -14"><span class='ocrx_word' id='word_1_1270' title='bbox 1626 4531 1695 4564; x_wconf 91' lang='lat' dir='ltr'><em>uum</em></span> <span class='ocrx_word' id='word_1_1271' title='bbox 1707 4521 1733 4562; x_wconf 90' lang='lat' dir='ltr'><em>ei</em></span> <span class='ocrx_word' id='word_1_1272' title='bbox 1749 4515 1907 4564; x_wconf 89' lang='lat' dir='ltr'><em>Castrenses</em></span> <span class='ocrx_word' id='word_1_1273' title='bbox 1922 4515 2110 4576; x_wconf 77' lang='lat' dir='ltr'><em>appellantur,</em></span> <span class='ocrx_word' id='word_1_1274' title='bbox 2126 4515 2264 4576; x_wconf 76' lang='lat' dir='ltr'><em>munifica</em></span> 
     </span>
     <span class='ocr_line' id='line_1_232' title="bbox 1626 4573 2263 4636; baseline 0.003 -12"><span class='ocrx_word' id='word_1_1275' title='bbox 1626 4583 1650 4624; x_wconf 90' lang='lat' dir='ltr'><em>et</em></span> <span class='ocrx_word' id='word_1_1276' title='bbox 1668 4575 1734 4636; x_wconf 75' lang='lat' dir='ltr'><em>ipsa</em></span> <span class='ocrx_word' id='word_1_1277' title='bbox 1754 4573 1909 4622; x_wconf 87' lang='lat' dir='ltr'><em>solennium</em></span> <span class='ocrx_word' id='word_1_1278' title='bbox 1936 4575 2169 4624; x_wconf 84' lang='lat' dir='ltr'><em>Caesareanorum.</em></span> <span class='ocrx_word' id='word_1_1279' title='bbox 2186 4577 2263 4626; x_wconf 90' lang='lat' dir='ltr'><em>Hinc</em></span> 
     </span>
     <span class='ocr_line' id='line_1_233' title="bbox 1628 4635 2265 4698; baseline 0.003 -14"><span class='ocrx_word' id='word_1_1280' title='bbox 1628 4637 1786 4684; x_wconf 71' lang='lat' dir='ltr'><em>Castrensis</em></span> <span class='ocrx_word' id='word_1_1281' title='bbox 1801 4635 1883 4696; x_wconf 75' lang='lat' dir='ltr'><em>Leues</em></span> <span class='ocrx_word' id='word_1_1282' title='bbox 1904 4639 2031 4698; x_wconf 88' lang='lat' dir='ltr'><em>appellat</em></span> <span class='ocrx_word' id='word_1_1283' title='bbox 2057 4639 2149 4686; x_wconf 89' lang='lat' dir='ltr'><em>Soeno</em></span> <span class='ocrx_word' id='word_1_1284' title='bbox 2165 4639 2195 4684; x_wconf 94' lang='lat' dir='ltr'><em>in</em></span> <span class='ocrx_word' id='word_1_1285' title='bbox 2211 4639 2265 4686; x_wconf 92' lang='lat' dir='ltr'><em>Le-</em></span> 
     </span>
     <span class='ocr_line' id='line_1_234' title="bbox 1627 4697 2264 4758; baseline 0 -14"><span class='ocrx_word' id='word_1_1286' title='bbox 1627 4697 1685 4754; x_wconf 81' lang='lat' dir='ltr'><em>gih.</em></span> <span class='ocrx_word' id='word_1_1287' title='bbox 1708 4697 1852 4746; x_wconf 83' lang='lat' dir='ltr'><em>Castrens.</em></span> <span class='ocrx_word' id='word_1_1288' title='bbox 1878 4697 1907 4744; x_wconf 94' lang='lat' dir='ltr'><em>in</em></span> <span class='ocrx_word' id='word_1_1289' title='bbox 1933 4699 2085 4756; x_wconf 72' lang='lat' dir='ltr'><em>Praemia,</em></span> <span class='ocrx_word' id='word_1_1290' title='bbox 2115 4711 2188 4758; x_wconf 84' lang='lat' dir='ltr'><em>quas</em></span> <span class='ocrx_word' id='word_1_1291' title='bbox 2213 4699 2264 4746; x_wconf 89' lang='lat' dir='ltr'><em>alii</em></span> 
     </span>
     <span class='ocr_line' id='line_1_235' title="bbox 1627 4755 2094 4816; baseline 0 -12"><span class='ocrx_word' id='word_1_1292' title='bbox 1627 4755 1709 4816; x_wconf 72' lang='lat' dir='ltr'><em>Leues</em></span> <span class='ocrx_word' id='word_1_1293' title='bbox 1724 4755 1821 4810; x_wconf 85' lang='lat' dir='ltr'><em>Curiae,</em></span> <span class='ocrx_word' id='word_1_1294' title='bbox 1835 4767 1886 4804; x_wconf 91' lang='lat' dir='ltr'><em>seu</em></span> <span class='ocrx_word' id='word_1_1295' title='bbox 1896 4755 1945 4816; x_wconf 79' lang='lat' dir='ltr'><em>jus</em></span> <span class='ocrx_word' id='word_1_1296' title='bbox 1963 4757 2094 4804; x_wconf 89' lang='lat' dir='ltr'><em>aulicum.</em></span> 
     </span>
    </p>

    <p class='ocr_par' dir='ltr' id='par_1_45' title="bbox 1627 4817 2263 5106">
     <span class='ocr_line' id='line_1_236' title="bbox 1658 4817 2263 4876; baseline 0 -12"><span class='ocrx_word' id='word_1_1297' title='bbox 1658 4817 1893 4870; x_wconf 73' lang='lat' dir='ltr'><em>Cssrnussmsu</em></span> <span class='ocrx_word' id='word_1_1298' title='bbox 1909 4819 2000 4866; x_wconf 84' lang='lat' dir='ltr'><em>iidem</em></span> <span class='ocrx_word' id='word_1_1299' title='bbox 2020 4817 2069 4876; x_wconf 82' lang='lat' dir='ltr'><em>qul</em></span> <span class='ocrx_word' id='word_1_1300' title='bbox 2096 4817 2263 4876; x_wconf 84' lang='lat' dir='ltr'><em>Castrenses,</em></span> 
     </span>
     <span class='ocr_line' id='line_1_237' title="bbox 1627 4873 2263 4936; baseline 0 -12"><span class='ocrx_word' id='word_1_1301' title='bbox 1627 4873 1866 4934; x_wconf 73' lang='lat' dir='ltr'><em>cininicurtem,</em></span> <span class='ocrx_word' id='word_1_1302' title='bbox 1880 4877 2030 4936; x_wconf 74' lang='lat' dir='ltr'><em>dequibus</em></span> <span class='ocrx_word' id='word_1_1303' title='bbox 2043 4879 2086 4926; x_wconf 85' lang='lat' dir='ltr'><em>est</em></span> <span class='ocrx_word' id='word_1_1304' title='bbox 2100 4879 2184 4928; x_wconf 79' lang='grc'><strong>111111</strong></span> <span class='ocrx_word' id='word_1_1305' title='bbox 2196 4879 2263 4926; x_wconf 84' lang='lat' dir='ltr'><em>Cod.</em></span> 
     </span>
     <span class='ocr_line' id='line_1_238' title="bbox 1628 4935 2263 4990; baseline 0.006 -6"><span class='ocrx_word' id='word_1_1306' title='bbox 1628 4935 1735 4986; x_wconf 80' lang='lat' dir='ltr'><em>tostin.</em></span> <span class='ocrx_word' id='word_1_1307' title='bbox 1753 4935 1800 4984; x_wconf 91' lang='lat' dir='ltr'><em>lib.</em></span> <span class='ocrx_word' id='word_1_1308' title='bbox 1818 4937 1857 4984; x_wconf 82' lang='grc'><em>12.</em></span> <span class='ocrx_word' id='word_1_1309' title='bbox 1871 4939 1899 4986; x_wconf 90' lang='grc' dir='ltr'><em>θῖ</em></span> <span class='ocrx_word' id='word_1_1310' title='bbox 1921 4939 1950 4986; x_wconf 93' lang='lat' dir='ltr'><em>iu</em></span> <span class='ocrx_word' id='word_1_1311' title='bbox 1974 4937 2263 4990; x_wconf 69' lang='lat' dir='ltr'><em>oecumenius.</em></span> 
     </span>
     <span class='ocr_line' id='line_1_239' title="bbox 1628 4997 2263 5104; baseline 0.003 -60"><span class='ocrx_word' id='word_1_1312' title='bbox 1628 4997 1718 5104; x_wconf 57' lang='lat' dir='ltr'><em>Pedite</em></span> <span class='ocrx_word' id='word_1_1313' title='bbox 1730 4999 1819 5104; x_wconf 65' lang='lat' dir='ltr'><em>utrum</em></span> <span class='ocrx_word' id='word_1_1314' title='bbox 1835 4999 2003 5048; x_wconf 87' lang='lat' dir='ltr'><em>consulendi</em></span> <span class='ocrx_word' id='word_1_1315' title='bbox 2020 4999 2166 5062; x_wconf 70' lang='lat' dir='ltr'><em>(lutacius,</em></span> <span class='ocrx_word' id='word_1_1316' title='bbox 2176 4999 2263 5050; x_wconf 51' lang='lat' dir='ltr'><em>¹Goto-</em></span> 
     </span>
     <span class='ocr_line' id='line_1_240' title="bbox 1640 5067 1816 5106; baseline 0.011 -4"><span class='ocrx_word' id='word_1_1317' title='bbox 1640 5067 1669 5102; x_wconf 90' lang='lat' dir='ltr'><em>re</em></span> <span class='ocrx_word' id='word_1_1318' title='bbox 1692 5069 1726 5104; x_wconf 82' lang='lat' dir='ltr'><em>,e</em></span> <span class='ocrx_word' id='word_1_1319' title='bbox 1755 5069 1816 5106; x_wconf 88' lang='lat' dir='ltr'><em>an.</em></span> 
     </span>
    </p>

    <p class='ocr_par' dir='ltr' id='par_1_46' title="bbox 1628 5115 2268 5476">
     <span class='ocr_line' id='line_1_241' title="bbox 1659 5115 2265 5176; baseline 0.003 -12"><span class='ocrx_word' id='word_1_1320' title='bbox 1659 5115 1856 5174; x_wconf 70' lang='lat' dir='ltr'><em>Css&#39;rnuxsrs,</em></span> <span class='ocrx_word' id='word_1_1321' title='bbox 1874 5119 1922 5176; x_wconf 80' lang='lat' dir='ltr'><em>qui</em></span> <span class='ocrx_word' id='word_1_1322' title='bbox 1943 5119 1971 5166; x_wconf 91' lang='lat' dir='ltr'><em>et</em></span> <span class='ocrx_word' id='word_1_1323' title='bbox 1994 5117 2095 5166; x_wconf 80' lang='lat' dir='ltr'><em>Currus</em></span> <span class='ocrx_word' id='word_1_1324' title='bbox 2114 5119 2265 5166; x_wconf 73' lang='lat' dir='ltr'><em>(lustuns-</em></span> 
     </span>
     <span class='ocr_line' id='line_1_242' title="bbox 1628 5177 2265 5236; baseline 0 -12"><span class='ocrx_word' id='word_1_1325' title='bbox 1628 5187 1680 5232; x_wconf 82' lang='lat' dir='ltr'><em>srs,</em></span> <span class='ocrx_word' id='word_1_1326' title='bbox 1694 5177 1828 5236; x_wconf 82' lang='lat' dir='ltr'><em>Dignitas</em></span> <span class='ocrx_word' id='word_1_1327' title='bbox 1839 5179 1973 5226; x_wconf 88' lang='lat' dir='ltr'><em>Palatina</em></span> <span class='ocrx_word' id='word_1_1328' title='bbox 1988 5193 1993 5224; x_wconf 76' lang='grc' dir='ltr'>ι</span> <span class='ocrx_word' id='word_1_1329' title='bbox 2009 5179 2058 5234; x_wconf 86' lang='lat' dir='ltr'><em>qui</em></span> <span class='ocrx_word' id='word_1_1330' title='bbox 2074 5177 2265 5224; x_wconf 88' lang='lat' dir='ltr'><em>Castrensibus</em></span> 
     </span>
     <span class='ocr_line' id='line_1_243' title="bbox 1628 5235 2264 5296; baseline 0 -12"><span class='ocrx_word' id='word_1_1331' title='bbox 1628 5239 1657 5284; x_wconf 90' lang='lat' dir='ltr'><em>et</em></span> <span class='ocrx_word' id='word_1_1332' title='bbox 1682 5235 1887 5284; x_wconf 85' lang='lat' dir='ltr'><em>Castrensianis</em></span> <span class='ocrx_word' id='word_1_1333' title='bbox 1914 5237 2045 5296; x_wconf 68' lang='lat' dir='ltr'><em>praeerat,</em></span> <span class='ocrx_word' id='word_1_1334' title='bbox 2069 5239 2187 5294; x_wconf 79' lang='lat' dir='ltr'><em>eratque</em></span> <span class='ocrx_word' id='word_1_1335' title='bbox 2211 5235 2264 5284; x_wconf 88' lang='lat' dir='ltr'><em>sub</em></span> 
     </span>
     <span class='ocr_line' id='line_1_244' title="bbox 1628 5295 2266 5356; baseline 0 -14"><span class='ocrx_word' id='word_1_1336' title='bbox 1628 5297 1673 5344; x_wconf 91' lang='lat' dir='ltr'><em>dis</em></span> <span class='ocrx_word' id='word_1_1337' title='bbox 1694 5297 1818 5344; x_wconf 86' lang='lat' dir='ltr'><em>ositione</em></span> <span class='ocrx_word' id='word_1_1338' title='bbox 1832 5295 1982 5356; x_wconf 82' lang='lat' dir='ltr'><em>Praepositi</em></span> <span class='ocrx_word' id='word_1_1339' title='bbox 1995 5295 2069 5344; x_wconf 86' lang='lat' dir='ltr'><em>sacri</em></span> <span class='ocrx_word' id='word_1_1340' title='bbox 2083 5295 2220 5354; x_wconf 88' lang='lat' dir='ltr'><em>cubiculi,</em></span> <span class='ocrx_word' id='word_1_1341' title='bbox 2235 5297 2266 5342; x_wconf 89' lang='lat' dir='ltr'><em>ut</em></span> 
     </span>
     <span class='ocr_line' id='line_1_245' title="bbox 1628 5311 2268 5416; baseline -0.003 -12"><span class='ocrx_word' id='word_1_1342' title='bbox 1628 5311 1776 5416; x_wconf 70' lang='lat' dir='ltr'><em>coliigitur</em></span> <span class='ocrx_word' id='word_1_1343' title='bbox 1790 5367 1823 5404; x_wconf 84' lang='lat' dir='ltr'><em>ex</em></span> <span class='ocrx_word' id='word_1_1344' title='bbox 1837 5355 1890 5412; x_wconf 79' lang='lat' dir='ltr'><em>leg.</em></span> <span class='ocrx_word' id='word_1_1345' title='bbox 1909 5367 1955 5402; x_wconf 90' lang='lat' dir='ltr'><em>un.</em></span> <span class='ocrx_word' id='word_1_1346' title='bbox 1971 5353 2039 5402; x_wconf 69' lang='lat' dir='ltr'><em>nod.</em></span> <span class='ocrx_word' id='word_1_1347' title='bbox 2060 5353 2166 5402; x_wconf 78' lang='lat' dir='ltr'><em>Tlreod.</em></span> <span class='ocrx_word' id='word_1_1348' title='bbox 2180 5355 2235 5410; x_wconf 89' lang='lat' dir='ltr'><em>Qui</em></span> <span class='ocrx_word' id='word_1_1349' title='bbox 2250 5365 2268 5402; x_wconf 89' lang='lat' dir='ltr'><em>a</em></span> 
     </span>
     <span class='ocr_line' id='line_1_246' title="bbox 1628 5411 2268 5476; baseline -0.003 -12"><span class='ocrx_word' id='word_1_1350' title='bbox 1628 5415 1740 5476; x_wconf 76' lang='lat' dir='ltr'><em>presbit.</em></span> <span class='ocrx_word' id='word_1_1351' title='bbox 1765 5415 1851 5462; x_wconf 86' lang='lat' dir='ltr'><em>tiron.</em></span> <span class='ocrx_word' id='word_1_1352' title='bbox 1875 5413 1926 5472; x_wconf 86' lang='lat'><em>(11,</em></span> <span class='ocrx_word' id='word_1_1353' title='bbox 1947 5413 1998 5472; x_wconf 78' lang='lat'><em>18.)</em></span> <span class='ocrx_word' id='word_1_1354' title='bbox 2026 5411 2084 5458; x_wconf 84' lang='lat' dir='ltr'><em>Sub</em></span> <span class='ocrx_word' id='word_1_1355' title='bbox 2115 5413 2268 5464; x_wconf 87' lang='lat' dir='ltr'><em>Castrensis</em></span> 
     </span>
    </p>
   </div>
   <div class='ocr_carea' id='block_1_31' title="bbox 0 0 2553 6258">
    <p class='ocr_par' dir='ltr' id='par_1_47' title="bbox 0 0 2553 6258">
     <span class='ocr_line' id='line_1_247' title="bbox 0 0 2553 6258; baseline 0 0"><span class='ocrx_word' id='word_1_1356' title='bbox 0 0 2553 6258; x_wconf 95' lang='lat' dir='ltr'><em> </em></span> 
     </span>
    </p>
   </div>
  </div>
 </body>
</html>
