5076 6258
253 261 318 324 lte
539 261 622 328 CObl

252 421 323 470 1218,
337 423 366 470 in
390 421 511 482 Regesto
533 425 758 476 Carcassonensi
783 423 829 472 tol,
849 421 884 490 9ι

252 481 390 544 Noaerint‚
413 487 461 532 etc.
483 487 555 544 quod
578 499 628 534 nos
653 487 810 534 Amalricus
834 481 884 530 Det

252 543 426 592 Prouidentia
447 547 510 592 Duce
533 547 656 594 Narbon.
672 547 765 594 Cernes
782 545 803 592 T
803 543 883 592 holos.

252 611 278 652 et
294 605 325 652 D.
341 607 516 666 Mov'itisfortis
527 605 665 654 tradimus
678 607 707 652 in
719 603 885 652 Gotrtmeudu

254 665 351 714 dilecto
367 675 390 716 et
413 667 487 726 fideli
504 673 597 714 nostro
617 665 756 726 Stephano
779 663 884 712 Ferriol

253 733 372 774 castrum
386 727 417 774 de
434 727 629 784 Monteastrnc,
643 725 717 772 saluo
741 725 773 772 iu
795 725 884 772 omni·

252 787 302 836 bus
310 789 372 850 jare
390 795 486 846 nostro,
509 793 534 834 et
556 787 613 848 ipse
637 785 686 832 sub
711 789 884 834 sacramento

252 849 330 898 uobis
340 853 409 910 tacto
422 847 453 894 ab
461 847 528 906 ipso,
539 845 618 894 nobis
628 847 756 906 promisit
768 847 840 908 quod
854 847 883 894 iu

253 917 373 958 castrum
395 909 475 956 illum
497 919 554 954 nou
581 907 732 966 receptabit
752 907 884 956 Pontium

252 971 373 1018 liuvrerii
390 969 431 1018 ael
449 967 571 1028 aliquem
595 965 682 1014 ulium
707 969 741 1016 de
765 969 884 1018 inimicis

252 1033 360 1088 nostris,
373 1033 420 1078 etc.
436 1027 472 1076 Et
496 1041 543 1088 eqo
566 1027 661 1086 Steph.
685 1027 790 1078 Ferriol
810 1043 883 1078 reco-

252 1105 348 1156 quosco
365 1105 402 1138 me
414 1089 545 1148 recepisse
557 1095 681 1138 castrum
693 1091 726 1138 de
746 1091 884 1138 Montens-

253 1161 314 1202 truc
335 1153 366 1202 de
389 1149 556 1198 Corvimeudu
578 1149 645 1198 dicti
669 1151 702 1200 D.
720 1153 773 1200 mei
788 1153 883 1200 Aru-ul-

252 1213 312 1270 rici,
329 1247 382 1262 ......
407 1211 479 1258 saluo
502 1209 534 1258 in
559 1211 684 1260 omnibus
705 1213 771 1274 jure
788 1227 843 1276 suo,
859 1219 883 1264 et

250 1273 402 1336 promisisse
425 1271 448 1320 ei
469 1271 515 1320 sub
539 1279 712 1320 sacramento
726 1273 846 1336 homagii
866 1291 884 1324 α

252 1349 296 1382 me
311 1333 360 1380 sibi
377 1333 453 1394 facti,
474 1333 545 1392 quod
568 1333 600 1380 in
621 1333 692 1382 dicto
713 1339 809 1392 castro,
834 1343 882 1386 etc.

252 1395 316 1444 Alia
330 1395 431 1442 Charta
441 1395 580 1444 Bernardi
596 1395 630 1444 de
644 1397 883 1448 Memoriomens.

253 1457 370 1504 Januar.
383 1465 449 1504 ann.
461 1455 538 1510 1226:
553 1457 614 1504 Not.
629 1457 684 1516 fac.
698 1463 747 1504 etc.
763 1457 835 1518 qrtod
849 1459 882 1508 D.

252 1515 400 1564 Ludovicus
412 1517 471 1564 Ren
484 1517 585 1566 Franc.
600 1525 648 1568 etc.
665 1517 732 1568 mihi
757 1525 883 1568 concessit

253 1581 371 1626 castrum
382 1591 459 1626 suum
479 1579 656 1628 Gredonense
674 1593 738 1630 cum
758 1581 883 1628 omnibus

249 1639 423 1700 pertinentiis
451 1639 511 1702 eps
540 1645 564 1688 et
591 1655 653 1688 cum
677 1641 803 1688 omnibns
827 1641 883 1690 illis

252 1713 312 1760 quse
318 1699 456 1760 pertinent
474 1701 511 1750 ad
531 1701 755 1750 Vicecomitatum
782 1701 883 1750 Gredo-

251 1763 537 1810 uensemtenendade
559 1765 618 1812 eod.
643 1763 721 1810 Doni.
743 1763 815 1824 Repe
834 1775 884 1822 ραν

252 1825 336 1870 totum
349 1821 430 1870 uitam
438 1837 528 1872 meam
539 1829 564 1870 et
572 1827 634 1884 post
647 1825 783 1870 decessum
794 1837 884 1870 rueuru

251 1881 307 1930 haec
321 1885 410 1932 arania
431 1885 468 1932 ud
488 1885 618 1946 ipsum...
634 1887 814 1932 reuertentur.
834 1883 884 1930 Di-

252 1945 384 2004 plomatis
398 1945 500 1996 titulus
516 1947 556 1994 ita
569 1945 742 2006 coneipitur,
755 1945 795 1990 De
809 1957 883 1992 reco-

251 2003 373 2064 pnitione
395 2005 428 2054 D.
450 2005 592 2056 Beruurdi
621 2005 656 2054 de
689 2003 822 2052 Mercurio
851 2005 883 2050 de

252 2063 416 2114 Gomruenda
440 2065 531 2114 Castri
563 2071 590 2114 et
621 2065 828 2114 Vicecomitutus
851 2065 883 2112 de

254 2125 349 2174 Greiza
362 2127 397 2174 ad
410 2125 494 2172 vitum
509 2139 591 2174 suam
612 2139 629 2172 α
645 2125 722 2172 Dom.
740 2125 812 2184 Repe
833 2125 883 2170 sibi

253 2185 364 2234 tradita.
389 2187 538 2246 Ejusmodi
562 2185 796 2234 Cornmendarum
819 2185 883 2232 aliae

253 2245 393 2298 habentur
405 2247 536 2296 termula
552 2257 586 2296 ac
609 2247 769 2308 diplomata
791 2245 819 2292 in
836 2257 882 2294 eo-

251 2307 316 2356 dem
330 2309 447 2366 Regesto
460 2309 508 2358 tol.
524 2307 564 2356 38.
581 2307 610 2356 et
622 2309 652 2356 in
662 2309 786 2366 Regesto
799 2305 882 2354 Vien-

254 2369 336 2416 nensi
363 2369 408 2416 iol.
428 2369 465 2416 59,
494 2367 644 2428 [instrum.
672 2365 741 2416 anni
769 2367 882 2416 circiter

252 2425 321 2476 1297.
336 2429 402 2478 tom.
414 2427 436 2476 2.
453 2439 532 2476 novae
545 2427 618 2476 Gall.
636 2427 741 2478 Christ.
756 2427 809 2474 col·
823 2427 880 2476 453:

254 2485 310 2544 Quo
333 2487 402 2548 facto
421 2487 573 2548 Episcopus
601 2487 722 2536 reddidit
744 2487 769 2534 ei
794 2485 883 2534 dictus

252 2549 350 2606 claues,
369 2549 504 2598 dicendo:
527 2549 693 2598 Contmendo
716 2547 789 2596 robis
813 2545 883 2596 istas

252 2609 339 2658 claues
353 2617 376 2656 et
387 2609 538 2658 custodiam
549 2609 657 2668 reparii
671 2609 754 2670 hujus
764 2609 797 2656 de
818 2609 883 2656 Tor-

252 2669 301 2728 cio,
317 2683 450 2728 qualisque
473 2683 522 2716 nos
547 2671 589 2718 ael
609 2681 774 2716 successores
795 2669 884 2716 nostri

252 2727 305 2776 huc
320 2729 462 2788 venientes,
479 2743 525 2778 eus
548 2743 565 2776 α
590 2729 663 2778 uobis
684 2727 861 2790 requiramus
872 2741 883 2786 ,'

253 2791 302 2848 qut
316 2789 442 2836 Dominus
457 2803 504 2838 eus
525 2791 573 2836 hoc
591 2791 670 2838 modo
687 2791 798 2850 recepit.
818 2791 883 2838 Ins-

252 2851 428 2898 trumentum
440 2851 509 2898 anni
520 2849 654 2908 isteque
667 2851 759 2898 Maria
772 2851 882 2908 Regina

253 2911 282 2958 et
296 2911 444 2960 Comitissa
462 2911 622 2958 Provinciae
642 2911 734 2958 mittit
752 2911 783 2958 F.
805 2911 882 2958 d'Ar-

252 2971 340 3018 cassia
357 2971 384 3018 in
397 2971 797 3032 fiduciariampossessionem
810 2971 882 3020 loco-

251 3043 317 3080 rum
346 3031 444 3086 Auzet,
468 3029 611 3092 Sulipnua
638 3037 687 3078 etc.
716 3043 730 3080 e
763 3031 882 3080 Camere

253 3091 320 3140 Com
344 3093 379 3140 ut.
396 3091 524 3142 Provinc.
539 3091 654 3150 Regest.
668 3091 818 3140 Armorum
834 3091 881 3140 tol.

252 3151 300 3202 70:
319 3103 459 3220 Dedimus
472 3157 497 3198 et
518 3151 696 3212 assipnamus
719 3165 751 3200 uc
775 3153 881 3214 damus,

253 3213 420 3260 concedimus
431 3213 615 3280 etldonamns,
630 3227 663 3262 ac
671 3227 723 3274 pro
739 3227 767 3262 se
779 3227 810 3262 ac
825 3213 882 3262 suis

252 3273 441 3332 transferimus
453 3285 483 3320 en
498 3273 624 3322 eumdem
641 3275 671 3322 in
686 3277 843 3322 tenesoneru
857 3281 882 3324 et

253 3335 467 3394 Cornmandam;
491 3333 521 3382 ld
547 3337 600 3394 est,
633 3335 694 3394 lege
725 3337 882 3386 fiduciariae

251 3397 437 3458 possessionis
452 3397 479 3444 et
495 3407 551 3444 non
565 3397 722 3446 definitivae
734 3409 785 3448 seu
798 3397 882 3448 abso-

254 3459 323 3508 lutae
336 3473 341 3504 t
354 3469 437 3516 quare
452 3457 481 3504 in
497 3457 588 3506 altero
600 3459 799 3508 instrumento
812 3459 882 3508 anni

252 3519 323 3568 1490.
338 3529 389 3578 quo
404 3517 522 3566 Carolus
535 3517 613 3588 VIII.
632 3519 761 3578 ejusdem
779 3519 882 3568 Arcus-

252 3579 298 3628 sia
331 3589 504 3630 successores
533 3589 563 3626 m
596 3579 759 3630 absolutam
791 3583 882 3632 mittit

251 3641 366 3690 illorum
390 3639 515 3688 locorum
543 3641 765 3700 possessionem,
782 3643 881 3692 eadem

252 3703 315 3752 loca
326 3703 457 3752 dicuntur
476 3699 570 3748 Terres
586 3699 696 3750 laissies
714 3715 747 3752 en
762 3709 844 3752 tenue
856 3709 882 3752 et

254 3761 430 3824 Commende]
446 3761 611 3812 Willelmus
637 3763 744 3814 Guiart.
767 3765 881 3814 111Ραὶ-

252 3827 330 3888 lippo
340 3827 465 3884 Augusto
477 3841 482 3874 :

332 3921 351 3964 si
359 3919 421 3964 revoil
433 3931 457 3962 en
468 3931 489 3962 sn
501 3919 632 3962 Commentis

331 3977 356 4018 La
365 3973 442 4016 Ducite
452 3973 477 4016 de
488 3973 617 4016 Nor-mendic.

285 4071 322 4120 Ut
333 4069 485 4132 plurimum
504 4069 603 4118 autem
623 4067 880 4118 commendabatur

254 4133 368 4182 feudum
382 4143 399 4180 a
413 4131 544 4188 vassallo,
559 4141 626 4180 cum
647 4129 677 4178 ln
692 4129 880 4188 longinquam

253 4195 375 4254 aliquam
401 4191 622 4254 expeditionem,
638 4193 688 4240 aut
714 4193 880 4252 peregrina-

252 4255 366 4312 tionem,
383 4267 439 4304 non
463 4255 603 4304 continuo
625 4265 801 4309 reversurus
817 4265 880 4314 per-

254 4317 355 4376 gebat:
369 4317 486 4366 utesset
501 4317 549 4376 qui
566 4327 598 4366 eo
611 4313 730 4364 absente
753 4315 780 4364 et
803 4315 879 4362 mili-

253 4379 333 4436 tiam,
346 4380 372 4428 et
393 4379 449 4428 alia
471 4379 600 4428 feudalia
624 4377 741 4426 servitia
758 4375 881 4424 Domino

254 4439 412 4500 exliiberet,
438 4451 474 4490 ne
499 4441 530 4488 ln
566 4437 755 4488 commissum
782 4449 880 4486 eorum

254 4501 363 4552 deiectu
377 4501 494 4550 feudum
509 4501 633 4552 caderet.
657 4501 798 4550 Bitariam
816 4509 880 4548 vero

254 4563 502 4614 commendabatur
515 4563 635 4614 feudum
649 4573 663 4612 a
681 4561 804 4610 vassallo
818 4573 822 4606 z
839 4561 880 4608 in·

253 4621 363 4670 terdum
384 4625 459 4672 enim
480 4625 603 4672 Domino
617 4623 683 4684 ipsi,
709 4623 879 4682 quandoque

254 4683 508 4734 extraneoPrioris
534 4683 800 4734 Commendationis
825 4695 879 4732 me·
902 4729 908 4752 ,

254 4741 338 4792 minii
362 4743 547 4796 Tabularium
576 4745 745 4794 blonasterii
776 4745 878 4802 Longi-

254 4801 351 4854 Pontis
369 4805 398 4852 in
423 4807 540 4856 dioecesl
565 4807 671 4856 Paris:
696 4807 774 4854 Dom.
792 4805 879 4854 Gallio

257 4863 404 4922 Trossellus,
429 4873 575 4928 postquam
611 4873 714 4916 terram
742 4879 823 4916 suam
847 4867 878 4912 in

252 4937 338 4974 manu
356 4927 428 4974 Dom.
444 4927 574 4976 Ludovici
587 4929 801 4988 Commendaait,
817 4941 879 4976 eum

252 4985 362 5034 subnirce
385 4989 505 5050 ropuait,
528 4993 561 5038 ut
593 4991 744 5038 Ecclesium
776 4993 879 5036 sunctae

252 5047 386 5116 Murialcle
399 5047 571 5110 Loupoponte
584 5053 697 5114 cinisque
711 5051 879 5100 habitatores

252 5109 403 5166 custodiret,
418 5113 443 5156 et
463 5123 556 5160 omnes
571 5113 780 5162 consuetudines
795 5119 820 5160 et
834 5123 878 5160 res

253 5183 320 5232 qtias
331 5169 423 5230 ubique
437 5169 559 5228 habebut,
575 5173 644 5220 sicut
657 5173 688 5218 ia
704 5173 797 5222 diebus
811 5173 876 5228 suis,

252 5237 277 5280 et
287 5231 450 5280 decessorum
461 5243 573 5278 suornm
585 5237 720 5290 tenuerat,
737 5233 837 5282 liberas
852 5237 878 5280 et

253 5293 381 5342 irmmmes
395 5305 450 5340 esse
466 5291 631 5340 concederet.
647 5293 733 5354 Gripus
754 5293 877 5356 precibus

1219 253 1301 322 COM

935 415 983 466 tol.
995 415 1055 466 313:
1069 417 1123 468 Nos
1136 431 1191 466 nou
1204 431 1347 478 possumus
1367 415 1561 466 Commendare

935 477 1101 526 Comitatum
1114 479 1283 542 Burqnndiae
1298 479 1389 538 alicui,
1411 493 1497 550 neque
1511 493 1561 540 po-

933 545 1086 590 nereeutra
1100 555 1216 590 inanum
1236 547 1367 604 nostram,
1382 541 1437 588 nist
1452 541 1483 588 in
1502 553 1561 588 ma-

933 613 999 646 num
1013 601 1125 650 Coclitis
1138 603 1203 652 Cain
1224 603 1303 652 auiae,

965 663 1071 712 Peioris
1091 663 1176 712 istius
1214 663 1454 712 ommendationis
1476 661 1560 712 ratio-

935 733 999 772 nem
1015 723 1146 784 pluribus
1159 727 1305 784 exponunt
1327 725 1443 772 Assisiie
1466 723 1561 772 Hiero-

933 785 1114 842 solymitanae
1129 785 1206 832 MSS.
1223 797 1284 846 eap.
1296 785 1342 834 182
1355 799 1359 832 :
1382 785 1431 844 Qui
1444 799 1471 834 se
1484 789 1562 834 neunt

930 845 1023 904 partic
1036 845 1089 892 dou
1101 847 1175 906 puis,
1186 857 1220 892 ou
1232 859 1266 892 en
1287 859 1391 894 aucune
1406 853 1485 894 autre
1502 859 1561 894 ναα-

932 907 1008 956 niere
1022 907 1119 954 luisser
1130 919 1177 954 son
1189 907 1244 970 Ele,
1258 907 1278 954 il
1292 909 1315 954 le
1325 905 1382 954 doit
1391 909 1563 956 coruncauder

932 979 970 1014 au
985 967 1100 1026 Seipuor
1114 981 1122 1014 :
1137 981 1184 1016 cur
1207 967 1234 1014 lu
1255 967 1421 1016 Commande
1440 975 1480 1016 est
1502 969 1562 1030 plus

933 1041 1010 1076 seure
1031 1027 1107 1076 chose
1117 1039 1128 1086 ;
1151 1033 1176 1076 et
1197 1029 1289 1076 mains
1307 1043 1323 1090 ρ
1341 1039 1359 1074 α
1373 1029 1407 1076 αα
1424 1029 1497 1090 peril
1512 1043 1562 1090 que

935 1087 1080 1148 l'ecctraier,
1103 1101 1154 1150 ραν
1179 1089 1214 1136 tel
1237 1087 1332 1136 raison
1358 1103 1408 1148 qne
1431 1103 1458 1136 se
1487 1091 1563 1138 horne

933 1151 1094 1198 commende
1108 1161 1156 1196 son
1169 1149 1224 1206 Fre,
1235 1163 1290 1208 per
1304 1147 1406 1198 l'assise
1418 1153 1442 1196 et
1463 1149 1562 1212 l'usupe

934 1213 971 1258 du
988 1211 1120 1258 Roiuume
1146 1211 1178 1260 de
1202 1211 1382 1266 Hierusalem,
1409 1211 1428 1258 il
1454 1211 1477 1258 le
1497 1217 1562 1272 peut

933 1273 1026 1320 ruuoir
1039 1273 1119 1334 apres
1131 1285 1170 1320 un
1182 1283 1220 1318 un
1235 1279 1260 1320 et
1274 1271 1348 1334 jarer,
1364 1275 1449 1318 toutes
1465 1273 1500 1320 les
1512 1273 1563 1334 fois

933 1333 1017 1392 queit
1031 1333 1055 1382 le
1067 1345 1198 1394 requerra
1210 1345 1273 1380 sans
1289 1337 1367 1380 autre
1384 1333 1500 1382 uruende
1513 1347 1562 1394 que

935 1395 958 1442 lc
971 1393 1088 1456 Seipnor
1108 1409 1124 1456 ρ
1142 1399 1209 1454 peut
1234 1395 1319 1450 avoir,
1340 1405 1367 1440 se
1388 1393 1409 1440 il
1425 1409 1460 1442 ue
1482 1393 1501 1440 li
1522 1409 1563 1442 co-

932 1455 1058 1504 maudoit
1072 1467 1111 1502 uu
1120 1453 1199 1514 point
1212 1467 1263 1516 que
1275 1453 1294 1502 il
1308 1455 1340 1516 fu
1361 1467 1467 1504 semons
1485 1453 1563 1502 d'au-

933 1531 1015 1564 onnes
1030 1517 1076 1564 des
1088 1529 1233 1574 semonces,
1244 1531 1296 1576 que
1317 1515 1399 1576 apres
1416 1529 1466 1564 son
1484 1515 1561 1570 dites,

930 1591 986 1638 ραν
999 1591 1050 1638 que
1064 1591 1100 1626 on
1108 1581 1170 1638 pert
1184 1591 1232 1624 son
1245 1575 1293 1624 Fici
1307 1581 1377 1624 toute
1396 1577 1502 1636 plenine
1517 1575 1563 1636 qui

933 1651 968 1688 en
984 1639 1130 1700 deffaut,et
1142 1651 1170 1688 se
1183 1639 1206 1688 le
1220 1637 1335 1698 Seipnor
1347 1639 1383 1684 l’u
1395 1651 1429 1684 en
1442 1651 1473 1684 sa
1487 1639 1563 1684 main

929 1713 985 1762 ραν
1000 1701 1028 1748 la
1043 1699 1182 1756 corncnde,
1200 1703 1226 1748 et
1239 1711 1331 1746 aucun
1345 1705 1424 1744 autre
1436 1711 1463 1746 se
1485 1701 1563 1746 rectit

932 1765 1038 1820 mettre,
1052 1761 1077 1808 le
1091 1759 1207 1822 Seipnor
1220 1759 1243 1806 le
1254 1759 1275 1804 li
1285 1759 1342 1806 doit
1353 1759 1564 1822 percutiamque

933 1827 1014 1868 autre
1028 1835 1062 1868 αα
1078 1819 1116 1880 s’y
1130 1825 1193 1868 met.
1209 1819 1246 1866 Et
1268 1819 1314 1882 qui
1335 1819 1494 1866 commende
1514 1833 1562 1866 son

933 1879 980 1928 Fie'
991 1893 1028 1928 uu
1041 1881 1158 1940 Seipuor
1170 1893 1206 1928 ou
1216 1881 1233 1926 cl
1246 1893 1295 1928 son
1307 1879 1384 1936 baill,
1400 1893 1452 1938 pur
1463 1879 1562 1926 l’ussise

933 1947 958 1988 et
969 1943 1070 2002 l'usuqe
1085 1939 1180 1988 doudit
1191 1939 1341 2002 Royaume
1351 1939 1375 1988 le
1393 1939 1518 2000 Seipnor,
1529 1953 1563 1988 ou

934 2001 958 2050 le
982 2001 1050 2050 built
1072 2001 1090 2048 d
1115 2001 1162 2062 qui
1183 2001 1228 2050 lon
1252 2001 1276 2050 le
1298 2001 1440 2058 comande,
1461 2001 1484 2048 le
1507 1999 1563 2048 doit

933 2063 1058 2120 receuoir,
1070 2075 1104 2108 ou
1129 2061 1188 2110 dire
1208 2075 1260 2122 que
1280 2059 1300 2110 il
1323 2075 1358 2110 ne
1372 2065 1452 2110 aeaut
1476 2063 1499 2110 le
1518 2059 1565 2110 Fie'

932 2123 1059 2180 receuoir,
1072 2135 1099 2170 se
1115 2121 1197 2170 Court
1218 2137 1252 2170 ne
1271 2123 1402 2182 l'esqarde
1423 2137 1474 2182 que
1491 2135 1562 2170 rece·

932 2181 990 2230 coir
1001 2185 1025 2230 le
1037 2181 1107 2240 doie,
1121 2185 1147 2230 et
1163 2183 1223 2230 dire
1238 2195 1345 2232 aucune
1367 2181 1461 2230 raison
1479 2197 1563 2244 pour-

932 2243 1005 2304 quoi.
1019 2243 1074 2290 Gar
1094 2245 1114 2290 il
1136 2251 1175 2292 est
1183 2245 1248 2304 plus
1259 2257 1336 2292 seure
1351 2245 1426 2292 chose
1448 2257 1484 2290 αα
1507 2243 1563 2292 Sei-

931 2317 1001 2364 ραον
1013 2305 1174 2354 dereceooir
1196 2307 1220 2354 le
1236 2319 1292 2366 ραν
1305 2311 1397 2366 espart
1418 2305 1452 2352 de
1472 2305 1561 2362 Court,

932 2377 967 2412 ou
979 2377 1033 2424 par
1045 2365 1249 2424 connaissance,
1265 2381 1316 2430 que
1336 2373 1500 2424 autrement,
1514 2373 1560 2416 etc.

964 2427 1026 2474 Non
1048 2429 1159 2488 poterat
1173 2430 1271 2476 tamen
1286 2427 1428 2476 vassallus
1445 2427 1562 2476 feudum

932 2497 1017 2536 suum
1033 2487 1149 2536 domino
1170 2487 1377 2546 Commendare,
1391 2501 1456 2536 cum
1476 2487 1511 2538 ab
1531 2499 1562 2536 eo

933 2549 969 2596 ad
983 2547 1100 2608 aliquod
1121 2549 1271 2596 servitium
1283 2551 1344 2598 erat
1361 2549 1561 2598 submomtus:

932 2609 1000 2668 quia
1021 2611 1232 2658 commendatio
1248 2611 1304 2658 ista
1319 2611 1383 2658 dolo
1400 2611 1476 2658 tacta
1491 2623 1562 2670 prse-

932 2667 1110 2718 sumebutur.
1127 2671 1227 2718 lutra:
1251 2671 1291 2716 Να
1312 2671 1333 2716 il
1355 2683 1389 2716 ne
1411 2671 1434 2716 le
1444 2677 1511 2728 peut
1526 2683 1563 2718 co-

931 2729 1049 2776 munder
1057 2741 1112 2788 par
1123 2729 1227 2788 raison,
1233 2729 1298 2790 puis
1309 2743 1360 2790 que
1371 2731 1391 2776 il
1406 2735 1445 2776 est
1460 2743 1564 2778 semous

932 2789 1162 2850 deservientem
1179 2803 1236 2838 com
1257 2791 1322 2838 celle
1343 2805 1465 2840 semouce
1486 2791 1563 2838 dure.

933 2851 1013 2908 Quod
1027 2861 1088 2910 cap.
1101 2851 1157 2900 255.
1177 2854 1206 2900 et
1222 2849 1276 2900 256.
1300 2851 1431 2912 pluribus
1448 2851 1565 2912 exqtoni·

933 2911 987 2960 tur.
1004 2911 1089 2960 Ratio
1111 2913 1209 2960 autem
1221 2923 1309 2970 quare
1325 2911 1467 2960 vassallus
1487 2923 1564 2960 com-

933 2973 1100 3020 mendatum
1115 2971 1232 3020 domino
1252 2973 1370 3022 tendum
1385 2971 1419 3020 ab
1436 2983 1467 3022 eo
1489 2983 1564 3034 repe·

932 3033 990 3082 tere
1017 3043 1074 3082 non
1101 3033 1232 3094 poterat,
1266 3033 1323 3082 nisi
1354 3035 1419 3094 post
1454 3045 1563 3082 annum

932 3095 1074 3154 exactum,
1097 3105 1130 3142 ea
1154 3097 1225 3152 erat,
1252 3097 1283 3142 ut
1311 3095 1424 3142 nullum
1448 3095 1563 3142 domiuo

932 3155 1074 3214 ejusmodi
1093 3155 1304 3204 commendatio
1328 3155 1467 3202 damnum
1481 3153 1564 3202 ailer-

933 3217 983 3276 ret,
1000 3218 1029 3263 et
1054 3217 1086 3264 ut
1109 3215 1179 3264 dum
1199 3217 1277 3264 teudi
1291 3215 1432 3264 reditibus
1448 3217 1562 3272 fruitur,

932 3277 992 3324 suis
1004 3275 1177 3336 sumptibus,
1194 3277 1218 3324 si
1233 3277 1331 3334 aliqua
1346 3277 1503 3324 necessitas
1517 3289 1564 3324 ur-

932 3341 1020 3398 geret,
1034 3337 1198 3398 quempiam
1211 3337 1259 3396 qui
1271 3337 1389 3386 feudum
1399 3337 1563 3394 deserviret,

931 3399 1101 3460 praeficeret:
1116 3399 1192 3448 unde
1207 3397 1231 3448 si
1244 3399 1394 3448 dominum
1405 3399 1483 3448 intra
1495 3399 1563 3448 anni

932 3459 1107 3510 curriculum
1136 3459 1316 3518 contingeret
1337 3461 1481 3518 decedere,
1497 3461 1565 3508 lice-

933 3519 980 3570 bat
1003 3521 1109 3570 liaeredl
1134 3521 1243 3578 reliquo
1260 3521 1329 3570 anni
1349 3525 1476 3580 tempore
1503 3521 1564 3568 teu-

931 3583 1000 3630 dum
1009 3581 1242 3630 commendatum
1255 3583 1350 3630 tenere
1363 3595 1368 3628 ε
1384 3583 1414 3628 ut
1430 3583 1563 3636 econtra,

932 3643 956 3690 si
972 3643 1113 3692 vassallus
1131 3643 1208 3690 intra
1223 3651 1333 3690 annum
1349 3643 1408 3690 tato
1435 3643 1564 3700 fungere-

932 3703 988 3762 tur,
1009 3703 1087 3754 illius
1113 3703 1204 3752 lraeres
1227 3703 1356 3762 feudum,
1383 3703 1450 3768 nisi·
1466 3705 1565 3752 exacto

932 3777 1007 3814 anno
1034 3765 1161 3826 repetere
1196 3775 1253 3812 non
1285 3765 1406 3824 poterat.
1437 3765 1565 3824 Denique

932 3825 999 3876 licet
1026 3827 1062 3874 ad
1089 3827 1185 3886 plures
1210 3835 1301 3874 annos
1326 3825 1443 3874 seudum
1469 3828 1566 3886 posset

931 3887 1143 3946 commendari,
1168 3897 1203 3934 ea
1227 3887 1325 3934 tamen
1352 3887 1564 3934 commendatio

932 3947 1048 3998 vassalli
1060 3949 1149 3996 vitam
1167 3959 1223 3996 non
1237 3945 1399 3996 excedebat.

961 4012 1053 4068 Atque
1067 4009 1134 4058 hinc
1147 4009 1330 4070 percipimus,
1346 4021 1397 4058 cur
1412 4007 1564 4058 Cuillelmo

931 4069 1025 4132 Epise.
1044 4069 1211 4126 parisiensi,
1236 4069 1267 4116 ln
1293 4069 1411 4118 Terram
1430 4069 1564 4118 Sanctam

930 4133 1068 4192 protecto,
1089 4143 1165 4180 anno
1189 4131 1258 4182 1102.
1285 4131 1420 4180 Ecclesiae
1446 4129 1565 4190 Regalia

930 4195 960 4242 ln
977 4205 1065 4242 manu
1079 4193 1168 4252 Regia
1181 4191 1381 4248 remanserint,
1394 4203 1460 4240 eum
1472 4191 1565 4252 quoad

931 4255 1095 4316 spiritualia
1124 4253 1245 4304 vicarios
1274 4253 1493 4314 constituisset,
1521 4253 1564 4302 uti

931 4317 1067 4364 docemur
1088 4327 1122 4364 ex
1144 4315 1298 4366 Tabulario
1320 4315 1565 4372 biaurigniacensi

931 4377 975 4426 ch.
994 4377 1032 4424 90.
1047 4377 1077 4424 iu
1092 4387 1149 4436 qua
1163 4377 1224 4426 llaec
1238 4375 1397 4426 habentur:
1413 4375 1566 4424 Honorem

931 4437 1161 4498 confirmaverunt
1169 4437 1326 4498 Stephanus
1336 4435 1563 4492 Archidiuconus,

930 4499 1012 4546 Fulco
1023 4499 1326 4560 Decanus,Ruinuldus
1339 4499 1564 4552 Archidiaconus‚

929 4559 961 4608 in
983 4573 1099 4620 quorum
1118 4575 1203 4608 manu
1227 4561 1396 4610 Guillermns
1415 4559 1567 4618 Episcopus

930 4621 1035 4668 dimisit
1049 4633 1145 4670 curam
1163 4627 1188 4670 et
1199 4621 1404 4682 providentiam
1419 4621 1565 4680 Episcopa-

930 4679 999 4730 liam
1011 4695 1113 4730 rerum.
1128 4685 1165 4732 Et
1177 4681 1230 4732 sub
1247 4683 1350 4732 finem:
1371 4681 1497 4742 Tempore
1514 4693 1566 4742 quo

929 4743 984 4790 hac
1005 4741 1119 4802 firmata
1145 4747 1218 4804 sunt,
1246 4749 1305 4792 erat
1334 4741 1365 4790 iu
1394 4741 1566 4790 Hierusalem

931 4803 1099 4852 Guillermus
1139 4803 1313 4852 Parisiorum
1343 4803 1510 4864 Episcopus,
1538 4807 1564 4852 et

929 4865 1113 4924 Episcopatus
1124 4871 1184 4912 erat
1196 4865 1226 4912 in
1239 4877 1327 4912 mauu
1338 4865 1463 4924 Philippi
1474 4865 1564 4926 Rapis,

929 4927 976 4986 qui
992 4925 1107 4986 benique
1131 4927 1223 4974 autrico
1244 4927 1299 4974 haec
1315 4927 1408 4974 orrrnia
1427 4927 1563 4988 concessit,

929 4993 954 5036 et
968 4987 1056 5048 repuli
1068 4987 1232 5036 alletoritate
1246 4987 1377 5050 priuauit,
1390 4995 1440 5036 etc.

959 5049 1349 5110 Ju1·edeniqueAragonum
1372 5049 1475 5100 licebat
1501 5061 1563 5098 vas-

928 5111 1000 5160 sallo
1013 5111 1133 5160 teudum
1152 5111 1188 5158 ad
1210 5115 1326 5172 tempus
1343 5111 1467 5158 Domino
1486 5123 1563 5160 com-

929 5171 1075 5228 mendare,
1087 5183 1143 5230 quo
1155 5173 1287 5228 durante,
1304 5171 1338 5218 ab
1350 5173 1429 5220 omni
1448 5173 1563 5220 servitio

928 5231 1083 5290 liberarat,
1096 5229 1257 5290 licebatque
1272 5233 1298 5280 el
1315 5245 1372 5280 non
1389 5231 1455 5280 aliis
1479 5235 1563 5282 niodo

928 5293 976 5344 sed
992 5295 1020 5344 et
1036 5293 1106 5352 Regi
1123 5303 1257 5350 guerram
1273 5293 1383 5342 iacere:
1404 5305 1490 5356 super
1507 5305 1563 5354 qua

253 5369 313 5404 cnm
325 5353 394 5404 orvrni
407 5353 562 5404 humilitate
576 5353 708 5400 Dominus
724 5355 877 5404 Ludovicus
927 5367 956 5404 re
971 5355 1134 5404 audiendus
1152 5353 1305 5402 Eximinus
1330 5352 1470 5404 Salanova
1496 5357 1511 5404 J
1515 5369 1563 5404 us·-

253 5417 420 5466 libentissime
436 5413 546 5474 annuit,
563 5419 611 5462 etc.
638 5413 876 5466 ChartaOtlonis
926 5417 993 5466 tina
1004 5419 1171 5474 Aragonum
1187 5429 1191 5460 :
1207 5413 1261 5462 Per
1274 5429 1353 5476 quem
1368 5415 1459 5476 forum
1481 5415 1563 5464 trabes

254 5479 339 5530 Ducis
353 5479 484 5528 bleraniae
503 5479 532 5524 et
555 5475 675 5524 Comitis
701 5475 877 5536 Burgundiae
926 5479 1046 5540 qualiter
1057 5481 1145 5538 potest
1156 5475 1281 5536 infancia
1296 5491 1323 5524 se
1337 5479 1466 5538 capedine
1481 5491 1498 5526 a
1514 5479 1563 5526 do-

254 5539 425 5592 aulanam
438 5537 591 5590 Tabulario
604 5535 768 5596 campania
776 5539 876 5588 Tuane
926 5537 1094 5600 minutiem,
1108 5537 1272 5586 dianttendo
1297 5539 1428 5602 beneficia
1446 5539 1522 5602 Ropi,
1539 5539 1563 5590 st

1863 253 1945 320 COM

1610 431 1668 478 quac
1681 423 1752 468 tenet
1761 419 1793 468 ab
1805 433 1843 478 eo,
1852 425 1877 468 et
1886 415 2107 468 commendando
2115 427 2235 476 acorem,

1610 479 1687 540 tilios,
1703 485 1728 526 et
1739 481 1807 528 bona
1825 495 1874 530 sua
1886 479 1951 542 fidei
1963 477 2050 538 nepti,
2067 491 2150 538 quam
2161 491 2235 540 enpe-

1610 539 1740 586 ditionem
1752 547 1778 590 et
1798 541 1966 590 Comandom
1988 539 2062 588 debet
2088 539 2146 586 Rea
2168 541 2235 590 reci-

1607 613 1681 662 pere,
1697 603 1722 646 et
1734 603 1869 650 custodire
1881 603 2008 662 fideliter,
2023 601 2092 646 sicut
2111 601 2236 650 dominus

1610 661 1772 718 naturalis;
1792 675 1847 722 qua
1861 661 2033 724 empeditione
2047 663 2131 722 fucta,
2152 665 2240 720 potest*

1611 733 1673 768 cam
1685 719 1747 780 alio,
1766 729 1806 770 vet
1820 721 1892 782 aliis,
1910 735 2039 780 ¹querram
2049 723 2116 780 Reqi
2131 721 2238 782 fucere:

1610 781 1685 830 saluo
1709 781 1781 842 quod
1798 795 1854 830 non
1874 787 1961 842 potest
1985 781 2076 844 ipnem
2092 781 2123 828 in
2138 787 2238 832 terram

1611 843 1692 904 Rapis
1705 855 1839 904 apponere
1853 857 1862 890 :
1877 849 1902 890 et
1916 843 1939 890 si
1954 845 1991 892 ud
2003 845 2126 904 curripale
2141 843 2239 892 belluni

1611 917 1673 952 cum
1685 901 1821 964 aliquibus
1837 903 1940 952 venerit
1959 911 2055 952 contra
2069 905 2177 966 Reperti,
2193 905 2240 952 de·

1611 965 1653 1014 bet
1679 963 1797 1012 transire
1819 963 1849 1010 iu
1875 963 2048 1024 adjutorium
2075 967 2156 1026 Καρία
2180 977 2241 1012 cum

1612 1039 1678 1088 equo
1691 1029 1716 1074 et
1733 1021 1826 1072 armis.
1851 1023 1922 1072 Vide
1946 1025 2034 1074 Feros
2050 1027 2172 1084 Aragbn.
2190 1025 2238 1076 lib.

1611 1087 1635 1136 6.
1650 1087 1695 1136 tit.
1721 1085 1753 1134 de
1779 1083 1947 1134 Conditione
1968 1087 2193 1142 infantionatus.
2212 1089 2239 1138 et

1611 1147 1656 1256 pt.
1672 1159 1728 1206 seq.
1743 1147 1882 1194 praterea
1898 1143 1977 1192 libi.
1989 1145 2034 1194 tit.
2051 1147 2086 1196 de
2099 1147 2239 1198 Omnibus

1623 1209 1692 1266 ocis,
1707 1211 1759 1258 etc.

1643 1293 1655 1354 l
1680 1295 1703 1344 l.
1730 1291 1917 1350 COMMENDA,
1946 1291 2097 1342 Proiectis.
2125 1295 2241 1344 Litterae

1613 1355 1712 1402 Jacobi
1726 1357 1809 1414 Regis
1827 1357 1947 1412 Aragon.
1965 1351 2080 1402 insertae
2103 1353 2132 1402 in
2157 1357 2239 1416 Epis·

1612 1417 1671 1464 tola
1687 1415 1840 1464 Clementis
1852 1415 1901 1462 lV.
1922 1415 1976 1462 ΡΡ.
1989 1423 2057 1462 ααα.
2078 1413 2145 1462 1268.
2165 1417 2241 1474 apud

1613 1477 1733 1526 Marten.
1749 1477 1817 1524 tom.
1839 1475 1861 1522 2.
1884 1473 1989 1524 Anecd.
2003 1475 2057 1524 col.
2081 1475 2141 1522 5535:
2157 1477 2243 1524 Noue-

1612 1537 1670 1584 rint
1685 1537 1813 1594 uniuersi,
1826 1537 1897 1598 quod
1906 1549 1955 1584 nos
1964 1535 2077 1584 ,lacobus
2090 1537 2141 1584 Dei
2153 1537 2242 1598 pratia

1613 1599 1671 1646 Rea
1682 1599 1870 1658 Araponum...
1886 1597 2076 1646 constituimus
2097 1597 2129 1642 in
2150 1601 2244 1646 nostra

1610 1659 1777 1720 protectione
1801 1667 1827 1708 et
1856 1659 1995 1716 custodia,
2027 1659 2193 1706 Commenda
2217 1665 2242 1706 et

1613 1727 1704 1768 nostro
1717 1721 1853 1782 quidatico
1874 1717 1985 1780 speciali
2003 1733 2046 1768 vos
2060 1719 2243 1768 creuerobilem

1612 1789 1637 1828 et
1653 1781 1782 1828 dilectum
1802 1785 1927 1828 nostrum
1944 1781 2127 1836 Remundum‚
2150 1787 2175 1828 et
2195 1793 2243 1840 per

1611 1843 1737 1890 eumdem
1749 1841 1879 1890 Abbutem
1895 1841 2056 1890 ΜοααααναΙ
2079 1841 2245 1900 crassensis,

1612 1909 1637 2010 alet
1652 1909 1768 1950 vestrum
1784 1903 1980 1952 Monasterium
1997 1917 2057 1952 cum
2071 1903 2175 1964 castris,
2192 1903 2242 1950 vil·

1623 1975 1655 2020 cs,
1673 1971 1722 2014 etc.

1642 2041 1658 2074 s
1670 2041 1782 2090 Nostris
1798 2041 1974 2100 Corurnaude,
1991 2041 2091 2092 eadem
2117 2041 2241 2092 notione.

1613 2099 1720 2150 Libert.
1735 2113 1785 2162 pre
1799 2101 1965 2152 hominibus
1981 2103 2014 2150 de
2036 2103 2154 2150 Boussuc
2178 2113 2246 2154 ann.

1612 2161 1683 2210 1427.
1699 2161 1727 2210 in
1741 2163 1808 2220 Reg.
1822 2161 1876 2212 178.
1895 2163 2049 2226 Chartopb.
2064 2175 2121 2222 reg.
2138 2163 2182 2212 cb.
2197 2163 2243 2212 42:

1612 2221 1701 2284 Apris
1714 2221 1792 2284 qu'ilz
1807 2229 1907 2272 aaront
1930 2223 2058 2272 demouri
2080 2229 2178 2286 quatre
2195 2239 2247 2272 ans

1612 2283 1640 2344 (a
1655 2283 1791 2344 Boussac)
1802 2285 1836 2332 ilz
1850 2289 1941 2334 serent
1952 2287 2031 2334 tenuz
2041 2285 2076 2334 de
2089 2299 2156 2332 utores
2166 2285 2247 2344 paier

1613 2345 1787 2402 Commende,
1796 2359 1896 2394 coutme
1907 2347 1945 2394 les
1959 2351 2052 2394 autres
2065 2347 2097 2394 de
2112 2359 2161 2392 nos
2176 2347 2245 2394 horn-

1612 2419 1665 2454 mes
1679 2407 1840 2466 ettemmes.
1862 2407 1925 2456 Alio
1950 2419 2036 2456 sensu
2058 2405 2192 2468 occurrit,
2217 2407 2246 2454 in

1613 2467 1668 2516 Lit.
1685 2467 1794 2518 remiss.
1811 2479 1878 2518 ann.
1896 2467 1966 2516 1418.
1989 2479 2023 2518 ex
2042 2469 2111 2526 Reg.
2131 2467 2183 2518 170.
2199 2467 2244 2518 cb.

1612 2527 1674 2578 233:
1693 2527 1763 2576 L'un
1786 2527 1877 2576 desdiz
1904 2529 2002 2586 carlet,
2018 2527 2066 2590 qui
2089 2527 2247 2590 besonquoit

1613 2601 1677 2638 auec
1691 2591 1715 2638 le
1729 2589 1872 2650 supplicat
1883 2589 2042 2650 (tisserant)
2051 2589 2105 2636 dist
2119 2591 2136 2638 h
2151 2591 2249 2638 laditte

1613 2649 1739 2710 femme:
1773 2651 1927 2698 Maistresse
1964 2649 2139 2698 commuudcz
2177 2653 2246 2698 ceste

1613 2711 1781 2768 columnaria,
1796 2725 1830 2758 αα
1856 2711 1897 2758 lui
1919 2717 2077 2760 monstrant
2100 2723 2139 2758 αα
2160 2711 2190 2770 fil
2213 2711 2248 2758 de

1614 2769 1689 2818 tairie
1703 2769 1751 2832 qui
1763 2771 1839 2820 estoit
1851 2785 1958 2834 ronrpu,
1970 2775 1996 2820 et
2010 2771 2049 2820 lui
2062 2773 2173 2820 voulunt
2187 2771 2246 2820 dire

1615 2833 1712 2940 qu’esse
1729 2835 1809 2882 noast
1832 2833 1897 2882 ledit
1920 2833 1960 2894 fil.
1976 2833 2047 2882 Vide
2072 2833 2150 2882 inira
2171 2833 2249 2880 Com-

1614 2905 1677 2940 men
1700 2905 1734 2940 ia.

1646 2971 1844 3028 Contmnuon,
1883 2971 2052 3030 Cumanus,
2097 2971 2248 3018 Praestatio

1613 3043 1700 3090 quam
1726 3031 1860 3080 Libertus
1886 3031 1931 3092 [ac
1956 3031 2028 3080 torte
2053 3031 2127 3080 alius
2155 3029 2250 3090 quivis

1614 3091 1719 3152 Cliens]
1748 3103 1798 3152 pro
1821 3093 1887 3152 jure
1913 3091 2012 3140 tutelae
2041 3091 2166 3140 Patrono
2195 3103 2247 3140 suo

1613 3153 1743 3202 exsolvit.
1766 3153 1870 3202 Charta
1894 3151 2034 3210 Cuigoais
2055 3151 2175 3202 Comitis
2198 3153 2248 3200 Ni-

1614 3213 1762 3262 vernensis
1782 3215 1810 3262 et
1834 3213 1968 3262 Forensis
1986 3223 2053 3260 ann.
2071 3211 2151 3262 1229:
2181 3211 2250 3262 Cum

1613 3273 1700 3336 allatii
1727 3273 1850 3322 hortinas
1874 3275 1908 3322 de
1931 3273 1998 3320 villa
2026 3273 2055 3322 S.
2087 3273 2249 3334 Repneberti

1613 3349 1712 3384 census
1729 3333 1785 3382 sine
1810 3335 1966 3382 Cornuadas
1982 3333 2058 3382 nobis
2081 3333 2145 3382 olim
2169 3349 2251 3396 super

1613 3397 1670 3444 suis
1685 3397 1819 3456 capitibus
1837 3397 2025 3452 contulissent,
2040 3409 2089 3444 nos
2103 3409 2137 3444 ca
2159 3397 2250 3456 quita-

1614 3459 1702 3506 vimus
1727 3463 1753 3506 et
1776 3457 1948 3520 gurpivimus
1975 3457 2069 3504 Priori
2097 3457 2126 3506 S.
2142 3457 2249 3520 Repue-

1615 3517 1692 3580 berti,
1709 3525 1757 3566 etc.
1779 3519 1886 3568 Charta
1903 3529 1970 3568 ann.
1987 3517 2056 3568 1278.
2080 3519 2155 3580 apud
2180 3519 2250 3568 Tho-

1615 3579 1786 3628 masserium
1811 3581 1841 3628 in
1863 3579 2038 3628 Consuetud.
2062 3577 2249 3628 Bituricus.

1614 3639 1638 3688 1.
1656 3653 1718 3702 cap.
1742 3639 1789 3688 68:
1821 3639 1911 3688 Saluis
1939 3639 2067 3688 similiter
2089 3643 2115 3688 et
2138 3639 2251 3690 retentis

1615 3703 1720 3750 nobis...
1742 3701 1846 3750 duobus
1870 3699 1993 3748 denariis
2019 3701 2052 3750 de
2075 3701 2250 3760 Cotrnuendu,

1615 3763 1697 3812 semel
1719 3761 1836 3810 inanno
1857 3761 1992 3810 soluendis
2015 3775 2033 3810 α
2057 3763 2174 3822 quolibet
2189 3777 2251 3812 uno·

1614 3829 1684 3880 rato,
1698 3831 1746 3872 etc.
1760 3825 1823 3872 Alia
1842 3833 1910 3874 ann.
1934 3823 2004 3872 1285.
2027 3823 2106 3886 apud
2119 3825 2250 3874 eumdem

1615 3897 1677 3946 cap.
1700 3887 1745 3934 70:
1772 3883 1881 3944 Quoties
1901 3897 1962 3932 aero
1988 3885 2091 3946 uliquis
2117 3885 2149 3934 ab
2173 3889 2251 3934 entra

1615 3945 1727 4004 venerit,
1748 3951 1771 3994 et
1788 3943 1905 3994 uoluerit
1926 3959 1982 3994 esse
2001 3949 2078 3994 horreo
2102 3951 2203 4006 noster,
2220 3945 2251 3994 in

1615 4007 1725 4068 sipnum
1740 4007 1949 4068 hornaqiisoluet
1960 4007 2145 4056 seuietiuoitu
2160 4005 2252 4056 Priori

1615 4069 1792 4118 decretoria.
1820 4069 1883 4116 deu.
1908 4069 1942 4118 de
1963 4069 2049 4116 libera
2076 4069 2250 4116 Corruueudu.

1616 4131 1707 4180 Vetus
1721 4129 1848 4180 Netteia:
1873 4129 1953 4178 Αααα
1971 4129 2048 4178 Dom.
2077 4131 2153 4180 1285:
2183 4129 2251 4178 Cum

1615 4191 1743 4240 domiuus
1784 4189 1880 4240 Simon
1913 4191 2040 4252 Archiep.
2072 4191 2252 4240 Bituricensis

1615 4257 1683 4300 essct
1696 4253 1770 4312 upud
1795 4253 1824 4302 S.
1839 4251 1992 4302 Notarium
2007 4251 2052 4300 die
2074 4253 2172 4302 Martis
2192 4255 2253 4314 post

1615 4313 1716 4374 festum
1731 4313 1759 4360 S.
1776 4315 1927 4370 Michaelis,
1954 4315 2100 4364 Gaudiuus
2120 4315 2252 4364 Dominus

1616 4377 1649 4424 de
1674 4375 1833 4436 Recessere,
1860 4375 1935 4436 tilius
1962 4383 1988 4424 et
2011 4377 2095 4424 trieres
2123 4375 2252 4438 Gaufridt

1615 4437 1693 4494 Labe,
1707 4437 1739 4486 de
1752 4437 1890 4498 Rernefort
1902 4437 2044 4498 quondum
2060 4437 2182 4494 Domini,
2200 4435 2252 4486 Mt·

1616 4497 1681 4558 tilis,
1695 4501 1826 4546 concessit
1839 4513 1933 4546 coram
1947 4497 2064 4548 Domino
2078 4499 2171 4546 literas
2193 4511 2253 4546 ma-

1616 4561 1911 4608 numissionisceatum
1922 4561 2253 4622 puellarum,qiiaspater

1616 4635 1683 4670 suus
1695 4621 1855 4670 manumitti
1863 4623 1987 4682 jusserat
2002 4623 2033 4670 in
2054 4627 2129 4670 terra
2150 4635 2201 4668 suu
2221 4621 2253 4668 de

1616 4683 1743 4744 Maipnec
1754 4691 1778 4732 et
1794 4685 1827 4730 de
1837 4683 1986 4744 Reulefort,
2000 4683 2118 4730 abonini
2135 4681 2213 4730 tallia
2228 4685 2252 4730 et

1617 4743 1792 4792 Commendo.
1809 4743 1860 4792 Cui
1882 4743 2093 4792 niamuuissioui
2111 4757 2253 4792 coriscuse-

1614 4813 1779 4852 ruvctcoram
1789 4805 1865 4854 uobis
1875 4813 2028 4854 enecatores
2039 4805 2107 4852 dicti
2119 4805 2251 4866 defuncti.

1614 4865 1731 4926 [Oliarta
1745 4869 1814 4918 anni
1829 4867 1896 4916 iuss.
1911 4879 1946 4916 ex
1955 4867 2078 4916 Areliivo
2092 4867 2118 4916 S.
2129 4867 2251 4916 Victoris

1614 4927 1725 4978 blassil.
1751 4941 1855 4976 armar.
1882 4931 1987 4978 ltuteu.
2005 4941 2031 4976 n.
2057 4927 2088 4976 2:
2112 4927 2253 4976 Donamus

1614 4989 1739 5038 etiam...
1767 4989 1939 5038 Coruaudam
1973 4997 1999 5038 et
2034 4989 2253 5038 coveceuientiam

1614 5065 1697 5112 quum
1709 5051 1839 5100 habemas
1853 5051 1884 5098 iu
1899 5063 1955 5098 uuo
1969 5065 2075 5108 uzanso,
2098 5049 2169 5112 quod
2189 5051 2253 5098 reul-

1614 5113 1656 5160 lns
1668 5115 1756 5174 potest
1772 5113 1840 5160 dure
1862 5115 1911 5158 urit
1932 5113 2121 5174 iuipipnorarc
2135 5111 2190 5158 nisi
2204 5125 2253 5160 no-

1614 5173 1661 5230 bis,
1683 5177 1708 5220 et
1730 5187 1818 5220 aaran
1832 5175 1982 5222 acutionem
2002 5173 2032 5220 iu
2056 5173 2114 5234 ipso
2137 5171 2253 5234 inausa]

1614 5233 1798 5284 Consuetudo
1812 5235 1913 5282 localis
1927 5233 2113 5282 Castellinovi
2130 5235 2159 5282 in
2174 5233 2251 5284 Bitu·

1613 5295 1698 5354 rigib.
1716 5295 1762 5342 tit.
1775 5293 1822 5342 22ι
1847 5293 1917 5342 Sont
1941 5299 2022 5342 lenus
2045 5295 2085 5342 lui
2105 5293 2186 5356 puicr
2198 5305 2253 5356 ραν

1613 5357 1733 5404 chascuu
1746 5367 1784 5400 an
1797 5357 1819 5402 l.
1836 5355 1899 5404 dea.
1918 5353 1944 5402 T.
1961 5369 1997 5402 αα
2021 5357 2253 5412 reconnoissunce,

1613 5417 1661 5476 qni
1673 5415 1803 5476 s’appelle
1819 5417 1846 5464 la
1865 5415 2044 5464 Coruniandc.
2069 5417 2202 5466 'l'abulan
2226 5419 2251 5464 S.

1615 5477 1766 5526 'l'licoiredl
1780 5479 1810 5524 iu
1824 5479 1941 5526 Velavis
1957 5493 1962 5524 :
1980 5479 2096 5526 Demisit
2116 5479 2253 5526 Gatianen-

1613 5539 1688 5596 dam,
1704 5551 1788 5598 quarn
1812 5539 1937 5600 eniqebat
1962 5541 1992 5588 in
2017 5539 2079 5600 ipsa
2107 5539 2182 5598 ailla,
2203 5545 2252 5588 etc.
