5076 6258
563 239 639 306 GER

272 407 333 460 Siue
343 407 502 478 Dapescaici
516 413 565 454 aut
582 403 705 452 Cerearii
721 403 788 464 foris
805 405 902 470 ubique

268 483 320 566 pei
330 469 502 586 iiiiii&
505 475 624 584 ’0611111
648 527 724 590 epod
744 527 844 590 Regin.
870 545 903 582 ex

271 593 349 644 notis
362 591 461 638 Belnz.
477 591 513 638 ad
527 591 658 638 eumdem
674 601 739 650 pag.
751 591 804 641 beo.

294 653 318 698 ge
329 653 352 700 2.
368 651 536 710 canemus
550 653 568 698 i.
582 663 633 712 pro
646 651 832 716 Camerarius,
844 667 902 704 car·

271 713 344 764 ceris
362 713 467 764 custos.
491 713 597 762 Charta
619 713 692 762 Phil.
720 715 814 764 Pulcr.
833 729 900 766 ann.

271 775 341 824 1312.
370 775 445 822 inter
469 773 566 824 Privil.
593 773 724 826 Univers
749 779 844 828 Aurei.
869 791 902 828 ex

272 837 339 886 Cod.
355 847 413 896 reg.
427 835 497 884 teis.
512 837 549 908 A
561 837 608 886 iol.
622 837 660 908 30.
677 851 711 888 1⁸⁰.
725 857 731 890 ε
755 839 786 890 St
806 843 902 888 contra

269 899 784 1028 intellectibilia?little
801 901 903 1010 tutu

270 1025 405 1076 cautione,
419 1023 585 1070 cessantibus
599 1025 774 1074 Cerariorum
784 1021 902 1070 eecactio-

270 1081 360 1138 nibus,
377 1081 542 1132 dimittatur.
557 1085 629 1136 Vide
644 1097 732 1148 supra
746 1085 843 1132 Cerare
858 1083 882 1130 3.

300 1141 622 1202 101.“11181111111,111111
637 1147 744 1198 cerasis
761 1143 900 1200 consitas,

270 1205 651 1268 Gell.Certsate.Neer010g.
672 1207 760 1256 Paris.
784 1203 842 1250 MS·
866 1203 902 1250 ad

268 1277 311 1316 iv.
335 1267 378 1316 Id.
401 1269 488 1318 ium:
513 1271 581 1320 Item
605 1269 725 1334 alliaque
749 1265 900 1326 quarteria,

269 1333 328 1376 tam
348 1331 426 1378 terrm
446 1345 528 1392 quam
553 1333 664 1392 salcepae
688 1327 742 1376 siue
760 1325 900 1386 rippariee,

268 1387 324 1436 sita
337 1389 369 1438 in
390 1393 527 1440 territorio
551 1391 582 1440 de
608 1387 770 1438 Castalio...
793 1387 827 1434 ln
847 1399 902 1448 qua

266 1451 343 1512 petia
358 1457 437 1500 terre
451 1461 491 1502 est
505 1451 631 1514 quedam
653 1445 807 1498 Cerasaria.
830 1449 901 1496 Vide

270 1513 347 1562 inire
361 1515 470 1562 Cereria
483 1517 510 1564 et
525 1509 691 1562 Ceresarias.

301 1571 314 1636 1
328 1573 481 1634 CERASEA,
491 1589 540 1638 pro
555 1575 693 1626 Gerasam,
706 1569 779 1618 Gall.
803 1569 902 1632 Cerise,

269 1635 299 1682 in
313 1637 398 1686 Libro
415 1637 531 1688 Ordinis
545 1637 570 1682 S.
587 1631 712 1680 Victoris
727 1631 816 1680 Perls.
843 1633 902 1682 MS.

269 1707 331 1758 cap.
357 1697 396 1746 25.
422 1697 496 1756 quod
524 1697 670 1752 integrum
695 1689 845 1742 exhibetur
872 1695 901 1740 ln

269 1769 336 1808 1000
351 1757 477 1820 Siquam.

301 1817 314 1882 1
338 1817 477 1872 oflensa,
503 1811 610 1862 Eadem
635 1813 765 1870 notione,
793 1815 901 1876 species

269 1883 363 1930 cerasi
377 1877 539 1938 grandioris
561 1875 754 1924 Henschenio.
780 1877 846 1924 Vite
869 1877 900 1926 B.

269 1939 415 1990 Columbae
430 1937 676 1984 aestimemini.
692 1937 738 1986 SS.
753 1937 822 1986 Meli
835 1949 901 2000 pag.

268 2003 316 2050 882
327 2015 331 2048 z
347 2001 382 2048 In
392 1997 492 2044 ardore
504 1995 570 2042 dire
581 1995 666 2054 febris
678 1997 831 2060 aliquando
841 2013 903 2046 suc-

269 2067 353 2108 casset
370 2057 519 2126 bustulam
532 2057 604 2106 acris
620 2059 736 2118 arancit,
750 2061 790 2108 uel
804 2059 901 2124 aliqua

268 2119 577 2254 quVVRCVDVDOgilVide
596 2179 715 2228 Cerates.

298 2237 459 2296 *CERATAE
470 2239 507 2288 Le
516 2239 608 2290 tabule
617 2243 649 2290 de
657 2255 718 2290 σενα
729 2243 764 2290 αα
776 2243 900 2292 scritura.

268 2301 394 2350 Glossar.
411 2301 473 2350 Lei.
489 2301 554 2350 ltel.
569 2303 621 2350 Me.
640 2303 710 2352 Vide
725 2303 847 2354 Ceratas.

299 2359 312 2424 1
320 2359 516 2420 canescunt.
547 2363 729 2418 Buccinetor‚
758 2365 901 2422 cornicen,

267 2433 284 2468 a
302 2421 397 2470 Graeco
419 2423 501 2480 κέρας,
524 2435 624 2484 cornu,
645 2427 674 2474 et
699 2423 783 2482 ailbe,
809 2423 900 2474 Tibia.

268 2483 339 2532 Vide
354 2483 528 2534 salmasium
541 2485 576 2534 ad
588 2487 743 2546 Vopiscum
755 2485 785 2532 in
799 2485 902 2534 Carino

266 2555 329 2606 cap.
343 2543 381 2592 19.
396 2545 444 2594 ubi
459 2545 621 2604 Cerataalae,
637 2547 780 2608 salpistiS,
797 2547 825 2594 id
850 2547 901 2600 est,

267 2603 457 2654 Tubicinibus
482 2607 692 2666 adjunguntur.
715 2607 838 2666 01111111
863 2607 902 2654 le-

266 2667 341 2726 11111
357 2665 537 2728 Camptaulae.
551 2667 623 2716 Vide
641 2669 828 2730 Camptaules.

299 2741 471 2850 {teneres
491 2743 563 2794 Oboli
577 2759 643 2806 pars
656 2747 758 2804 media,
770 2745 902 2804 siliquam

266 2805 303 2852 ba
321 2817 370 2852 ens
381 2819 469 2852 uuam
484 2807 563 2854 semis
571 2819 581 2864 ;
596 2807 669 2854 bttnc
692 2805 831 2854 Latinitas
853 2803 902 2852 Se-

265 2865 395 2912 mibolum
423 2873 507 2916 vocat.
542 2867 651 2916 Cerates
681 2875 774 2916 autem
809 2865 903 2924 Crete,

265 2927 365 2974 Latine
392 2941 528 2976 cornuum
561 2927 769 2988 interpretatur.
807 2927 903 2974 Obolus

266 2987 376 3050 siliquis
403 2987 492 3036 tribus
512 2989 690 3050 appenditur,
719 2987 822 3038 babens
854 2987 903 3056 Ce-

265 3057 339 3098 rates
363 3049 438 3108 duos,
464 3051 551 3098 calcos
569 3057 696 3112 quatuor.
719 3049 813 3098 Fiebat
827 3061 902 3094 emm

266 3111 330 3158 olim
354 3125 387 3158 ea
412 3125 464 3158 ecre
494 3109 531 3158 ati
558 3111 650 3158 instar
676 3113 798 3174 sapittae,
827 3107 903 3154 trude

266 3177 292 3218 et
314 3185 414 3218 nomen
437 3185 454 3218 α
474 3171 575 3220 Graecis
591 3171 704 3232 accepit,
721 3173 768 3218 boc
786 3175 832 3224 est,
858 3181 903 3216 sa-

266 3233 346 3292 pitta.
362 3233 430 3280 Isid.
443 3231 491 3282 lib.
508 3233 546 3280 16.
561 3233 637 3292 Orig.
650 3245 684 3282 ca
707 3233 761 3280 21.
775 3231 901 3278 Glosser.

268 3293 456 3352 Sengermen.
479 3245 716 3342 1111111101
739 3291 836 3340 Caicus
857 3303 903 3360 pe-

266 3353 390 3402 minatus
417 3353 537 3404 Ceratim
557 3355 633 3414 facit.
653 3355 758 3414 Papias
784 3351 903 3398 11881-

266 3415 351 3464 inrio.
365 3431 369 3462 z
388 3415 520 3476 Cerastes‚
536 3415 669 3464 Mensura
681 3415 800 3478 auorum
810 3411 902 3458 calcu-

267 3475 356 3524 lorum
370 3477 411 3524 uel
423 3475 509 3524 unius
521 3475 627 3536 siliqua
642 3481 668 3524 et
683 3473 813 3530 dimidia,
826 3479 852 3520 et
866 3473 903 3520 sic

266 3641 395 3688 scribitur
413 3579 523 3732 'Z
535 3683 549 3710 0
561 3653 641 3700 auem
663 3637 844 3688 Semiobalurn
860 3635 900 3684 di·

266 3781 340 3826 cunt.
355 3779 507 3840 Perperem
524 3779 646 3828 Cerastes
661 3779 843 3840 pro'Cerates.

296 3863 309 3928 1
321 3863 497 3924 usnemun,
508 3865 537 3914 in
550 3867 711 3922 Amalthea,
721 3863 805 3914 Nunti
815 3875 904 3926 penus

264 3925 376 3988 siliqua,
387 3925 498 3988 pontius
516 3927 664 3976 minimum
687 3941 735 3974 sea
755 3925 901 3974 obolorum.

265 3989 369 4042 Melius
385 4001 419 4036 ex
433 3989 507 4048 aliie,
521 3987 674 4036 Sernioboli.
691 3989 761 4036 Vide
775 3987 900 4036 Glosser.

266 4049 367 4098 medies
383 4049 496 4098 Graecit.
512 4049 542 4096 in
557 4051 688 4112 Κεράτων.

297 4127 447 4176 camdus.
462 4127 478 4174 J
481 4139 546 4176 oen.
559 4127 593 4176 de
607 4129 623 4176 J
626 4139 702 4176 anua
718 4143 722 4174 :
738 4127 861 4184 Ceratas,
877 4131 902 4172 et

266 4199 358 4236 cereus
374 4187 519 4250 differunt,
546 4189 612 4248 auia
635 4201 743 4238 cereum
765 4193 804 4236 est
830 4187 903 4248 quod

266 4253 352 4298 totum
383 4263 417 4296 en
442 4261 505 4296 cera
531 4255 657 4306 constat,·
682 4249 729 4298 sed
764 4249 901 4310 Ceratum,

266 4311 337 4370 quod
349 4311 389 4358 rel
402 4309 523 4366 linitum,
537 4309 578 4358 uei
590 4309 777 4358 incrustatum
790 4315 828 4358 est
840 4321 902 4356 cera

263 4371 339 4418 rende
355 4373 457 4420 Ceratae
472 4371 606 4418 dicantur
630 4371 732 4418 tabulae
752 4371 783 4418 in
806 4371 903 4430 quibus

264 4433 402 4480 scribitur.
418 4433 531 4480 Plinius
546 4433 563 4478 1.
579 4431 618 4482 13.
633 4443 696 4494 cap.
709 4433 757 4480 22:
777 4431 903 4480 Faciem-

266 4505 317 4552 que
331 4493 470 4542 invadunt
495 4493 573 4554 ignes
593 4493 676 4550 sacri,
695 4493 730 4540 od
753 4491 781 4538 id
806 4493 903 4540 Cerato

263 4555 342 4612 prius
355 4555 480 4604 illinunt.
498 4555 583 4602 Gesta
599 4553 651 4602 snb
663 4553 780 4602 nomine
790 4553 901 4604 Aeacii:

272 4613 306 4664 Ut
317 4615 340 4662 si
354 4615 480 4664 dicantus
495 4613 603 4676 aliquid
617 4613 756 4668 Ceratum,
768 4619 818 4660 aut
827 4615 903 4676 pica-

266 4679 333 4736 tum,
361 4683 410 4724 aut
437 4681 607 4738 stagnatum,
629 4681 678 4722 aut
700 4673 819 4736 qualibet
848 4675 903 4724 alio

284 4739 533 4786 enerecoloratum.
550 4739 660 4796 Regula
677 4737 702 4786 S.
728 4737 844 4786 Caesarii
867 4737 903 4784 ad

292 4799 541 4862 anuescente:
567 4799 622 4848 Nec
647 4799 706 4846 vela
733 4799 830 4846 Cerata
853 4811 903 4856 ap-

261 4859 359 4918 pendi,
383 4875 433 4908 nee
457 4861 557 4908 tabulae
581 4859 663 4920 pictae
689 4859 774 4920 afligi,
800 4871 849 4906 aec
872 4859 902 4906 in

262 4919 418 4978 parietibus
432 4923 472 4970 ael
492 4923 607 4970 carueris
625 4921 686 4968 ulla
706 4919 818 4982 pictura
842 4919 903 4978 fieri

265 4979 351 5030 debet.
369 4983 470 5030 Geram
495 4985 613 5042 pictoris
635 4981 829 5032 instrumento
855 4991 903 5028 eo-

266 5043 430 5164 111111311117
438 5043 476 5160 V.
493 5045 526 5092 D.
545 5043 577 5092 de
598 5045 736 5094 instruct.
761 5039 815 5090 Sed
842 5039 902 5090 hsec

266 5111 335 5150 non
395 5145 399 5162 ‚
433 5143 437 5152 .

298 5163 498 5214 cantantes.
516 5165 618 5216 Tabai.
632 5163 801 5214 hlouesterii
811 5161 837 5210 S.
850 5161 903 5210 ,111-

266 5221 340 5272 dreae
357 5225 528 5276 Viennensis
543 5241 548 5274 z
566 5227 623 5288 ,qu
638 5227 718 5274 Aitna
731 5223 781 5272 Dei
795 5237 903 5282 correp-

227 5327 230 5336 .
279 5283 674 5356 ionetactus,constitutusque
689 5287 719 5334 ia
737 5285 791 5348 fine
812 5283 902 5340 dubia,

223 5359 226 5362 ·
296 5345 405 5394 editans
438 5347 468 5394 in
498 5347 659 5408 praecordiis
683 5345 819 5410 flagitiosa
845 5357 903 5404 artae

286 5407 433 5468 erpetraoi,
452 5421 558 5468 pauens
576 5409 696 5458 nimium
710 5407 840 5468 vorapine
855 5405 903 5454 ba-

266 5467 348 5526 ratri,
363 5469 558 5528 umbrosasaue
581 5471 639 5518 uias
660 5467 762 5518 tartari
779 5473 904 5534 rnetaens

266 5529 381 5588 ealcare,
407 5531 549 5592 magisque
566 5531 652 5582 inseri
674 5531 812 5580 delectans
836 5527 904 5576 ttius

1241 239 1317 308 CER

950 407 1153 458 interlucentia
1178 407 1242 468 (sic)
1267 403 1346 454 sectis
1374 403 1533 464 Cerauneis,
1563 411 1589 456 et
1610 407 1615 448 l

950 471 1010 530 frui
1024 469 1175 518 uirentibus
1184 467 1276 528 pratis
1289 479 1341 528 per
1358 479 1465 528 pascua
1477 467 1588 528 Christi,

952 533 999 580 boc
1026 537 1101 580 metu
1125 531 1167 576 uel
1195 541 1288 576 artiore
1315 533 1510 590 compunctus,
1538 535 1586 578 etc.

952 593 1036 644 Forte
1058 605 1108 654 pro
1135 589 1257 646 Uruncis,
1274 589 1451 648 coelestibus,
1464 591 1587 650 Papias:

953 653 1122 708 Cerauneus,
1145 657 1184 698 est
1210 649 1281 710 lapis
1303 651 1446 710 flammeus
1468 653 1588 700 acalare

953 713 1041 762 dictus
1058 727 1066 758 :
1092 709 1237 758 inuenitur
1256 711 1303 758 ubi
1327 711 1449 770 fulmina
1474 713 1586 762 cadunt.

951 769 1167 836 [Cerauniorum
1192 771 1247 820 duo
1271 785 1374 836 penera
1395 777 1470 830 sunt,
1493 773 1589 836 1111111

951 835 1020 884 Isid.
1037 833 1085 904 lib²
1100 833 1138 882 10.
1156 833 1233 894 Drig.
1250 847 1311 898 cap.
1327 835 1375 884 13:
1406 835 1494 884 Unum
1506 849 1589 896 quern

953 897 1106 944 Germania
1139 895 1225 944 mittit
1253 897 1426 958 cltrpstallini
1451 897 1587 956 similem,

951 955 1080 1016 splendet
1101 961 1194 1004 tarnen
1220 959 1343 1016 caerulea,
1364 965 1388 1006 et
1410 959 1433 1006 si
1453 957 1501 1006 sub
1527 959 1588 1006 diro

949 1015 1057 1076 positus
1079 1017 1173 1076 fuerit,
1188 1019 1325 1080 fulporem
1343 1019 1419 1080 rapit
1441 1019 1586 1068 sidereum.

953 1075 1122 1126 Ceraunium
1144 1081 1264 1128 alterum
1286 1081 1424 1142 Hispania
1436 1081 1467 1130 in
1481 1079 1587 1128 Lusita-

951 1137 996 1184 nis
1020 1139 1155 1188 littoribus
1183 1141 1289 1202 pipam,
1319 1143 1363 1188 cni
1388 1143 1458 1192 color
1485 1155 1589 1202 pyropo

951 1199 1071 1258 rubenti,
1090 1207 1116 1250 et
1132 1203 1253 1264 qualitas
1271 1211 1302 1250 ut
1316 1203 1400 1264 ipnis.
1415 1203 1479 1252 Hac
1493 1203 1588 1252 adoer-

952 1263 1065 1310 sasaim
1078 1265 1224 1326 fulpurum
1236 1265 1368 1328 opitulari
1378 1265 1479 1324 fertur,
1494 1263 1517 1310 si
1530 1277 1588 1312 cre-

951 1323 1053 1370 dimus.
1074 1325 1155 1372 Dicta
1175 1333 1266 1374 autem
1289 1325 1437 1382 Ceraunia,
1455 1325 1588 1386 quoniam

951 1385 1018 1432 alibi
1031 1399 1086 1432 non
1103 1385 1251 1448 inuenitur,
1268 1399 1350 1446 attam
1368 1385 1399 1432 in
1423 1387 1477 1432 loco
1490 1385 1588 1446 suinti-

951 1445 997 1494 nis
1022 1445 1089 1494 ictui
1112 1447 1244 1508 probiano.
1268 1449 1358 1496 Graece
1382 1447 1456 1494 enim
1481 1447 1588 1506 falaren

953 1507 1071 1568 κεραυνός
1088 1507 1211 1568 drittun]

983 1569 999 1602 ‘i
1011 1571 1045 1616 D.
1064 1567 1194 1618 Falconet
1218 1579 1268 1616 nos
1291 1569 1389 1616 monet
1404 1569 1488 1628 longe
1503 1567 1589 1616 aliter

953 1641 1069 1680 censere
1083 1631 1256 1680 recentiores
1274 1629 1307 1676 de
1322 1643 1355 1678 eo
1370 1629 1473 1690 lapide,
1487 1627 1537 1688 qai
1551 1629 1588 1676 iis

953 1691 1108 1738 Ceraunios
1121 1691 1236 1740 dicitnr.
1250 1689 1322 1736 Vide
1335 1691 1436 1750 Lepid.
1449 1689 1517 1738 hist.
1530 1693 1589 1738 An-

953 1753 1033 1802 selm.
1046 1751 1113 1800 Boot
1127 1753 1194 1802 edit.
1208 1749 1244 1800 eb
1257 1751 1324 1798 Adr.
1340 1751 1439 1800 Tollio.

983 1813 996 1874 1
1024 1813 1215 1862 centurion
1238 1811 1356 1874 ponitur
1378 1811 1482 1874 quoties
1508 1811 1590 1860 multe¹

952 1889 1046 1924 uersus
1056 1877 1255 1938 improbantur,
1271 1887 1320 1922 nec
1332 1873 1518 1936 persingulas
1532 1873 1587 1922 obe·

953 1935 1066 1992 tantem,
1091 1937 1211 2000 κεραυνός
1236 1935 1309 1984 enim
1334 1935 1442 1994 falaren
1476 1935 1587 1984 dicitur.

952 1997 1021 2046 Isid.
1037 1997 1086 2048 lib.
1101 2001 1123 2048 1.
1136 1999 1215 2058 Orig.
1232 2009 1294 2060 cep.
1307 1997 1346 2046 20.
1363 1997 1533 2046 ceraunium
1546 1997 1587 2046 sic

952 2059 1084 2120 pingitur

953 2441 1075 2554 sappi
1095 2411 1248 2572 <aa
1269 2405 1344 2610 i(
1367 2475 1411 2524 va
1439 2417 1557 2620 V·
1594 2513 1595 2516 γ

983 2711 999 2744 u
1025 2709 1209 2766 cembron,
1227 2711 1336 2758 Clamor
1363 2699 1534 2770 nautarum,
1552 2711 1588 2758 in

953 2775 1050 2822 DOCiI'.
1061 2773 1139 2822 Alex.
1154 2773 1188 2822 (10
1199 2771 1342 2822 Vilia-Dei
1358 2775 1426 2822 Cdi‘i.
1436 2783 1504 2822 alin.
1518 2771 1595 2822 1484.

953 2835 1025 2884 Vide
1041 2845 1128 2896 snpra
1142 2833 1279 2882 Celeuma.

984 2903 996 2964 1
1015 2900 1245 2960 CERBELLERIA,
1268 2903 1395 2950 Pileolus
1416 2905 1526 2952 ferreus
1546 2903 1588 2952 'ad

953 2963 1109 3012 tuitionem
1133 2963 1237 3012 celtis
1264 2963 1477 3020 accomodatus,
1505 2963 1589 3012 Italis

953 3023 1138 3074 Ceraellieria.
1153 2975 1328 3086 cbmputum
1343 3023 1496 3092 1111111333.
1511 3023 1589 3074 Hisi.

953 3085 1090 3146 Delphin.
1106 3085 1212 3134 1111112.
1227 3097 1292 3146 pag.
1307 3085 1368 3134 273:
1391 3085 1461 3134 Item
1472 3097 1524 3146 pro
1541 3099 1589 3134 cu-

952 3147 1029 3194 rettis
1052 3145 1146 3202 tribus,
1162 3145 1279 3192 barbata
1301 3159 1361 3194 una
1381 3151 1407 3194 et
1424 3145 1590 3194 Cerbelleria

952 3221 1011 3312 {tna
1025 3219 1089 3254 ttnc.
1112 3219 1155 3256 111.
1176 3213 1264 3256 taren.
1281 3219 1371 3258 XVIII.
1393 3207 1464 3256 Vide
1482 3207 1589 3256 Ceruel-

965 3281 1063 3314 enurn.
1468 3293 1469 3296 =

983 3327 1206 3386 recenserent,
1216 3329 1430 3386 Cenoeornns,
1447 3329 1590 3378 Meclnnee

950 3389 1131 3454 jaculatoria
1145 3389 1263 3450 species.
1280 3389 1402 3450 Hispan.
1421 3389 1587 3446 Cerbatana

952 3449 1017 3498 ital.
1035 3449 1219 3508 Cerbottana;
1241 3451 1316 3500 unde
1338 3453 1470 3500 nostrum
1490 3449 1590 3498 Sarba-

953 3515 1018 3558 tane
1038 3511 1080 3560 vel
1107 3511 1276 3560 Sarbacane.
1301 3513 1395 3560 Trect.
1418 3513 1470 3560 Ms.
1492 3511 1527 3560 de
1549 3513 1590 3560 Re

953 3573 1039 3622 milit.
1056 3575 1084 3622 et
1104 3573 1198 3622 mech.
1215 3573 1281 3622 bell.
1304 3573 1431 3634 cap.12:
1449 3571 1588 3634 Civitates,

953 3635 1038 3680 rocha
1053 3631 1108 3680 siue
1121 3635 1235 3682 castella
1249 3633 1434 3696 acquiruntur
1451 3647 1502 3696 per
1517 3633 1591 3682 bom-

953 3693 1055 3742 bardae
1078 3699 1105 3742 et
1129 3695 1304 3752 Cerbotanas,
1339 3709 1368 3744 er
1382 3695 1476 3756 ipnem
1497 3703 1523 3744 et
1544 3695 1590 3742 in-

953 3755 1087 3804 cendaria
1113 3755 1236 3820 projecta
1265 3771 1282 3804 a
1331 3755 1509 3806 erbotanis....
1532 3757 1591 3804 Ista

952 3817 1089 3876 frangunt
1104 3815 1266 3866 bombardas
1278 3823 1302 3866 et
1318 3817 1491 3874 Cerbotanas‚
1502 3817 1590 3866 burni-

953 3877 1027 3926 ditas
1040 3877 1094 3928 siae
1106 3891 1180 3940 aqua
1191 3879 1270 3926 intus
1283 3879 1440 3938 bombarda,
1454 3883 1502 3926 etc.
1520 3879 1589 3940 Cep.

953 3939 997 3986 14:
1013 3939 1167 3988 Cerbotaua
1178 3939 1373 3988 ambulatoria.
1385 3941 1511 3990 Rursum
1527 3951 1589 4002 cap.

951 4001 1000 4048 46:
1021 4001 1179 4050 Bombarda
1193 4001 1347 4050 Cerbotaua
1364 4003 1405 4050 ad
1414 4001 1492 4062 ionpe
1501 4001 1590 4060 pillu-

953 4061 995 4110 las
1017 4075 1083 4110 suas
1103 4061 1216 4124 eupluit,
1238 4063 1306 4124 quia
1330 4063 1419 4110 virtus
1445 4061 1528 4112 unita
1550 4067 1590 4110 est

952 4121 1193 4186 fortiordispersa.
1208 4123 1305 4184 Steph.
1321 4125 1355 4172 de
1375 4123 1522 4172 Iniesiura
1536 4123 1589 4172 MS.

953 4183 987 4232 de
1004 4185 1085 4234 Bello
1101 4187 1177 4234 inter
1202 4185 1316 4232 Sixtum
1340 4185 1388 4232 IV.
1413 4183 1469 4230 PP.
1488 4183 1516 4230 et
1531 4195 1589 4242 reg.

953 4245 1068 4294 Ferdin.
1079 4257 1158 4316 1111..
1171 4245 1250 4316 1482ε
1269 4243 1332 4292 Tres
1348 4243 1500 4316 bpmbarciae
1509 4257 1589 4316 piros-

952 4305 1591 4438 11111111110111011111001

952 4433 1061 4486 onerati
1074 4427 1293 4476 innumerabiles
1307 4441 1389 4476 carn.

980 4487 1118 4548 GERBDS,
1135 4489 1248 4550 Species
1264 4489 1352 4538 vasis.
1365 4487 1437 4536 Vide
1453 4487 1521 4536 Lito.

984 4553 996 4614 1
1019 4549 1127 4610 cunct,
1150 4551 1211 4598 Vox
1232 4549 1313 4610 Hisp.
1331 4549 1405 4598 Gall.
1421 4549 1491 4610 Clas,
1504 4549 1591 4600 Cleu-

953 4625 1027 4670 suln,
1045 4609 1289 4674 septemanariis
1304 4621 1371 4658 ann.
1393 4611 1462 4658 1041.
1486 4611 1591 4660 hiarcae

953 4675 1035 4738 Hisp.
1050 4675 1104 4724 col.
1118 4673 1196 4722 1083:
1216 4671 1373 4732 (leufredus
1391 4670 1489 4720 Vitatis
1507 4677 1532 4718 et
1543 4685 1590 4734 epo

952 4749 1023 4784 aecor
1038 4735 1098 4796 ejus
1113 4733 1206 4782 Citiaoi
1218 4733 1356 4780 donamus
1368 4733 1483 4782 Domino
1496 4733 1551 4782 Deo
1563 4739 1590 4782 et

954 4797 983 4846 S.
1008 4797 1094 4846 Felici
1118 4793 1284 4844 Monasterio
1310 4795 1503 4844 Guiaalensi...
1530 4809 1591 4844 cas-

953 4865 1038 4918 trum,
1056 4859 1153 4906 Cercas
1167 4861 1192 4904 et
1203 4855 1341 4904 menadas
1355 4869 1429 4904 suas.

984 4921 1006 4968 1.
1025 4919 1179 4978 ceneten,
1194 4917 1318 4974 Vellere,
1344 4919 1373 4966 in
1399 4919 1515 4966 modam
1536 4919 1592 4966 cir-

953 4979 1011 5028 culi
1041 4979 1239 5034 circumdare,
1274 4977 1422 5026 obsidione
1457 4979 1592 5038 cingere,

954 5039 1048 5100 [Hisp.
1066 5039 1186 5100 Cercar]
1197 5039 1305 5088 Charta
1317 5039 1493 5088 Veremundi
1504 5039 1591 5098 Regis

953 5111 1016 5148 eeree
1033 5101 1102 5150 ibib.
1127 5113 1161 5150 ex
1178 5099 1279 5148 Tabul.
1297 5099 1437 5150 Lucensis
1455 5101 1592 5150 Ecclesiae

953 5161 1031 5222 apud
1045 5161 1193 5210 Bivarium
1208 5177 1213 5210 ε
1231 5159 1268 5210 Et
1284 5161 1406 5210 Cercauit
1418 5161 1505 5222 ipsam
1521 5161 1591 5210 Pen-

953 5233 1029 5278 uam,
1043 5227 1068 5268 et
1076 5223 1164 5282 presit
1177 5235 1238 5270 eam
1249 5237 1299 5282 per
1313 5223 1406 5282 fortia,
1421 5229 1445 5270 et
1461 5221 1593 5270 cremavit

953 5285 980 5328 et
994 5281 1126 5330 desolavit
1139 5295 1182 5330 ea.
1207 5283 1326 5342 [Charta
1353 5285 1385 5332 D.
1411 5283 1592 5332 0111111111-

953 5341 1042 5390 mirez
1065 5341 1152 5400 Regis
1175 5357 1209 5390 ex
1225 5343 1347 5392 Archivo
1369 5343 1537 5392 nonasterii
1558 5343 1592 5390 de

953 5401 1062 5456 Leria:
1085 5399 1201 5450 Factam
1219 5417 1266 5452 era
1283 5405 1351 5452 1182.
1371 5405 1403 5452 in
1421 5403 1464 5452 die
1480 5403 1593 5464 quando

953 5459 1069 5508 babebat
1081 5461 1140 5508 Rea
1153 5463 1269 5510 Cercata
1286 5465 1371 5526 Erpa,
1390 5465 1419 5514 id
1441 5465 1493 5520 est,
1507 5465 1591 5522 juxte

953 5523 1011 5570 Jos
1029 5521 1062 5570 de
1079 5521 1165 5570 Moret
1187 5525 1218 5570 in
1241 5525 1381 5584 Antiquit.
1403 5525 1507 5574 Nevar.
1524 5537 1591 5588 pag.

1096 2215 1101 2258 3
1124 2197 1338 2308 effldffliem
1351 2207 1416 2266 pero
1436 2157 1518 2344 VR
1576 2177 1577 2180 ¹

1188 2291 1194 2306 .
1278 2267 1328 2306 ric.
1341 2267 1382 2306 s1c
1580 2293 1596 2320 ‚,

1928 229 2004 296 CER
2212 233 2275 302 169

1637 403 1683 452 214:
1700 401 1737 452 Et
1751 413 1836 458 anno,
1848 409 1899 460 aue
1914 411 1940 446 se
1955 411 2030 448 cerco
2045 397 2132 462 Erpa,
2145 417 2161 464 p
2180 417 2232 464 aare
2250 419 2278 454 se

1638 465 1712 530 copia
1725 463 1812 526 Erpa,
1825 473 1875 512 seu
1892 461 2013 520 Ergerie
2029 461 2101 518 alles
2120 461 2274 524 analada.

1639 527 1800 578 Chronicon
1815 527 1971 572 Parmense
1986 521 2021 572 ed
2038 535 2104 572 ann.
2124 523 2201 574 isos:
2223 527 2277 576 Do-

1637 589 1731 638 minus
1742 587 1865 638 Potestas
1881 585 1976 634 sonari
1985 585 2050 656 tecit
2072 589 2277 648 campanellam

1638 651 1672 700 de
1685 653 1836 708 cavalcare,
1854 653 1878 698 et
1889 649 1979 698 uolens
1991 661 2032 696 tre
2045 647 2082 696 ad
2098 647 2199 698 dictiue
2219 651 2276 698 llio·

1637 713 1792 762 nasterium
1807 711 1838 760 S.
1857 709 1990 760 iohannis
2003 709 2040 758 ad
2056 709 2229 758 Cercandum
2251 717 2277 758 et

1637 773 1789 824 uindictam
1804 773 1968 822 sumendum
1985 771 2018 820 de
2031 771 2171 832 predictis
2186 785 2277 822 ecces-

1637 835 1720 898 sibus,
1736 835 1891 886 conuocauit
1913 837 1965 884 dito
1985 833 2075 882 ntiliia
2096 835 2130 884 de
2153 833 2276 898 popula]

1638 897 1710 948 Vide
1727 899 1815 958 Circa,
1830 899 1948 946 Circare.

1668 957 1727 1008 11
1751 959 1903 1022 ceneten,
1928 959 2104 1012 0111111111,
2133 957 2274 1014 Quaerere,

1637 1019 1791 1082 inquirere,
1805 1033 1859 1070 vox
1878 1021 1989 1076 Italica.
2009 1019 2116 1068 nostris
2132 1019 2274 1066 Cbercher.

1639 1079 1710 1128 Stet.
1729 1081 1857 1130 Placeni.
1881 1083 1929 1132 lib.
1950 1083 1974 1130 li.
1992 1079 2274 1132 1017111111111

1638 1139 1773 1202 impediat
1800 1143 1920 1202 officium
1943 1139 2049 1206 judicis
2072 1141 2184 1204 pabellee
2209 1139 2277 1188 salis

1638 1215 1684 1250 seu
1700 1201 1867 1250 nunciorum
1880 1205 1946 1266 ejus,
1963 1205 2016 1252 sire
2030 1205 2061 1252 in
2077 1201 2217 1252 Cercando
2228 1213 2274 1248 sa-

1639 1261 1689 1310 lem
1711 1265 1886 1322 prohibitum,
1907 1265 1959 1314 sive
1981 1265 2073 1328 quouis
2090 1265 2175 1314 ruodo.
2202 1263 2274 1312 stat.

1637 1325 1751 1370 Asterie.
1772 1337 1833 1386 cep.
1856 1327 1879 1374 5.
1904 1325 1950 1374 ubi
1978 1329 2012 1376 de
2027 1327 2131 1376 Intret.
2145 1325 2273 1388 parter:

1640 1383 1715 1440 Quod
1736 1397 1829 1434 ontnes
1850 1391 2049 1436 mercatores...
2066 1389 2211 1448 portantes
2230 1385 2276 1432 bo·

1637 1451 1718 1492 netas
1736 1457 1782 1492 seu
1805 1447 1923 1494 maletus
1942 1461 2026 1506 super
2046 1447 2131 1508 equis,
2155 1447 2196 1496 uei
2221 1445 2276 1494 alio

1638 1505 1717 1552 theodo
1721 1541 1768 1562 .....
1797 1513 1946 1554 teneantur
1971 1507 2058 1556 dictas
2081 1509 2191 1558 bonetas
2219 1507 2277 1556 sice

1638 1567 1755 1614 ntaletas
1779 1567 1899 1628 aperire,
1924 1575 1948 1616 et
1975 1569 2003 1616 in
2027 1569 2094 1628 ipsis
2116 1569 2276 1630 permittere

1640 1627 1780 1688 Cercinam,
1806 1641 1841 1676 ne
1868 1627 1935 1688 pisid
1954 1635 2081 1686 portetur
2102 1631 2133 1676 in
2156 1627 2225 1690 ipsis
2243 1641 2277 1676 en

1639 1701 1691 1748 quo
1715 1687 1810 1736 debeat
1834 1685 1901 1736 solui
1920 1689 2078 1748 pedapiam.
2106 1689 2276 1750 Cherquijer,

1638 1749 1737 1798 eedem
1753 1749 1878 1808 notione,
1898 1761 1914 1796 a
1936 1749 1973 1796 nd
1996 1749 2158 1808 Gnignevil.
2173 1751 2203 1798 in
2223 1751 2275 1798 Pe-

1640 1823 1713 1870 regr.
1727 1811 1806 1858 huni.
1821 1823 1885 1868 gell.
1903 1761 1953 1856 his.
1969 1823 1974 1856 :

1718 1887 1760 1928 Nus
1773 1899 1798 1928 ne
1808 1887 1870 1928 deses
1880 1887 2020 1942 ieirepesser.

1718 1941 1744 1982 Se
1754 1951 1792 1982 sou
1805 1939 1869 1980 ierdel
1880 1951 1905 1980 ne
1918 1941 1965 1980 veui
1973 1941 2074 1978 mollstrer
2086 1949 2091 1988 3

1718 1993 1755 2034 Les
1766 1991 1852 2044 pekeurs
1862 1991 1923 2032 deris
1935 1991 2056 2044 Cherqoijer

1718 2045 1744 2084 Et
1756 2045 1806 2084 ieire
1815 2045 1870 2086 leurs
1881 2043 1920 2084 lais
1930 2041 2082 2096 desuperquier.

1640 2121 1788 2184 Cierquier‚
1802 2133 1852 2180 pro
1865 2121 2007 2178 Chercber,
2025 2121 2164 2178 Quaerere.
2174 2119 2213 2168 Le
2223 2121 2274 2168 Ro·

1639 2195 1707 2232 man
1725 2183 1758 2230 de
1774 2183 1931 2230 Cleornades
1945 2181 2013 2230 Ma:

1718 2269 1745 2310 Le
1758 2269 1786 2310 1111
1796 2269 1820 2310 ie
1831 2273 1873 2310 cest
1883 2267 1933 2310 livre
1942 2267 2055 2318 Cierqoie's,

1718 2321 1744 2362 Se
1758 2333 1808 2360 vous
1818 2321 1848 2362 les
1858 2333 1909 2360 noos
1923 2325 2007 2360 trouver
2018 2319 2094 2360 cnidiis

1718 2375 1758 2414 Des
1772 2373 1842 2414 demes
1856 2375 1904 2414 elohi
1913 2371 1976 2414 m'ee's
1988 2373 2064 2424 parler.

1622 2453 1623 2456 ’
1640 2451 1711 2498 Vide
1724 2451 1801 2498 inire
1814 2451 1980 2498 Encercare.

1671 2535 1842 2594 cunonem,
1868 2535 2072 2596 Querqueciula,
2096 2537 2164 2584 Avis
2185 2547 2275 2596 eque-

1639 2597 1707 2654 tice,
1723 2609 1809 2658 quam
1826 2597 1900 2646 Gelli
1923 2597 2040 2646 Cercelle
2061 2597 2173 2654 vocent,
2187 2597 2274 2658 Angli

1640 2657 1729 2706 Ceale.
1744 2659 1835 2708 Vetus
1853 2659 1959 2706 Charta
1974 2659 2049 2720 epud
2063 2659 2234 2706 Somnerum
2245 2659 2275 2706 in

1640 2721 1777 2768 Trecteto
1791 2719 1824 2768 de
1841 2719 1992 2768 Cauelhind
2007 2729 2073 2780 pag.
2083 2717 2146 2768 ise:
2163 2717 2277 2788 Dabunt

1639 2781 1724 2828 etiam
1738 2779 1814 2828 nobis
1827 2781 1977 2830 annuatim
1991 2781 2029 2828 ad
2048 2779 2149 2828 Natale
2164 2779 2277 2828 Domim

1638 2855 1727 2890 unum
1737 2843 1938 2900 matblardum,
1950 2851 1976 2890 et
1990 2855 2079 2890 unam
2093 2847 2237 2902 annatem,
2251 2845 2278 2888 et

1639 2909 1758 2964 quatuor
1784 2901 1928 2964 Cercellas,
1949 2909 1977 2952 et
2002 2903 2040 2952 ad
2063 2903 2170 2952 Pascha
2186 2915 2277 2950 unum

1639 2977 1742 3026 apuam
1761 2965 1799 3012 de
1817 2971 1938 3024 present.
1955 2965 2099 3014 Redulius
2122 2965 2156 3014 de
2176 2963 2277 3014 Diceto

1639 3025 1669 3072 in
1684 3025 1849 3076 RicardoI:
1871 3025 1971 3074 Nisum
1985 3041 2066 3074 suum
2081 3025 2172 3074 docuit
2193 3023 2279 3086 affec-

1640 3087 1699 3134 tare
1713 3085 1847 3134 Cerceiias
1858 3087 2031 3146 propensius.
2052 3087 2184 3136 Occurrit
2200 3085 2277 3148 apud

1640 3147 1850 3208 Droinptonum
1864 3149 1893 3196 et
1908 3149 2057 3196 0111111111
2072 3147 2278 3196 Cambrensem

1640 3209 1669 3256 in
1684 3209 1804 3268 Topogr.
1818 3207 1944 3266 Hybern.
1961 3209 2028 3258 disi.
2051 3209 2076 3256 2.
2093 3221 2155 3270 cup.
2171 3207 2211 3256 31.
2227 3207 2276 3268 qui

1640 3269 1680 3316 iia
1697 3269 1738 3316 aii
1763 3269 1904 3330 appellari
1928 3275 2026 3316 anates
2046 3269 2184 3318 minores.
2201 3269 2277 3318 Hinc

1640 3329 1827 3378 emendendee
1851 3329 1957 3380 Glossee
1981 3329 2202 3380 Arabico-Lat:
2227 3331 2276 3378 Ce-

1638 3389 1720 3456 riola,
1735 3403 1815 3456 auca,
1834 3389 1882 3440 1111
1901 3391 1953 3450 leg.
1973 3389 2104 3440 Cercellae.

1670 3449 1686 3482 u
1721 3451 1769 3500 Vel
1798 3451 1870 3502 eall.
1898 3453 2035 3500 barcelle:
2058 3453 2165 3502 nostris
2187 3453 2277 3500 etiem

1641 3509 1766 3568 Cerealia,
1789 3515 1958 3562 dictumest
1979 3515 2048 3562 olim
2067 3515 2212 3562 insectare
2227 3525 2276 3560 vo-

1640 3573 1713 3628 11111,
1727 3573 1821 3632 dualis
1836 3629 1837 3632 1
1856 3575 1950 3636 apilio
1970 3575 2040 3624 Vide
2055 3575 2181 3630 Circella.

1671 3587 1860 3704 enecandi,
1878 3635 2025 3696 Circellus,
2049 3647 2155 3706 perros
2175 3635 2272 3706 pirou·

1640 3695 1694 3752 lue,
1709 3699 1815 3744 nostris
1833 3695 1959 3746 Cerceau.
1981 3699 2153 3746 Anestasrus
2173 3709 2203 3744 111
2217 3695 2276 3744 Ve-

1641 3755 1752 3806 11111111
1774 3755 1812 3804 ΙΙ.
1828 3757 1881 3806 PP.
1898 3769 1962 3818 pag.
1981 3759 2041 3806 les:
2065 3755 2175 3806 Cercelli
2191 3753 2276 3820 paria

1639 3817 1662 3866 2.
1678 3815 1756 3926 11111εὲ
1765 3831 1886 3922 ςεῖηνααε
1898 3819 2110 3880 pretiosissimas
2123 3817 2200 3866 albas
2222 3827 2276 3862 nrt-

1639 3891 1714 3926 mero
1760 3893 1831 3926 ,ec.

1670 3937 1911 3996 tenebrandos,
1932 3941 2131 3998 Cincinnatus
2153 3937 2275 3998 crispae,

1641 4001 1714 4050 Gall.
1733 3999 1812 4050 Frise'
1833 4001 1876 4052 vel
1900 3999 2276 4064 Crepe',nosirisoli1nCer-

1640 4061 1703 4126 cele'.
1721 4061 1793 4112 Vitae
1812 4063 1859 4112 SS.
1883 4063 1948 4112 hiss.
1967 4073 1999 4110 en
2015 4061 2081 4110 (lod.
2099 4059 2139 4108 28.
2154 4061 2180 4108 S.
2200 4061 2274 4110 Vici.

1641 4123 1731 4172 Paris.
1742 4123 1792 4174 iol.
1805 4123 1858 4172 100.
1866 4133 1901 4170 κ’.
1913 4123 1965 4172 col.
1978 4121 1999 4168 2.
2014 4121 2063 4168 ubi
2076 4121 2109 4168 de
2122 4121 2148 4168 S.
2159 4121 2254 4168 hiereo
2268 4133 2273 4166 t

1640 4183 1680 4232 La
1694 4183 1780 4242 forme
1795 4183 1827 4232 de
1839 4183 1913 4232 saint
1929 4181 2004 4230 Marc
2018 4181 2049 4250 fa
2067 4181 2127 4240 tele,
2141 4181 2202 4228 lonc
2216 4181 2274 4238 ne's,

1640 4245 1742 4292 sourciz
1756 4245 1857 4302 nautis,
1868 4243 1946 4290 bians
1958 4255 2012 4304 par
2031 4255 2083 4302 tec,
2104 4243 2142 4288 les
2158 4241 2274 4296 cbeacuat

1641 4305 1770 4366 Cereales,
1785 4307 1863 4366 lenpe
1874 4303 1964 4360 barbe,
1982 4303 2015 4350 de
2029 4307 2083 4350 tres
2100 4301 2156 4352 bele
2168 4315 2274 4364 conmo-

1640 4367 1721 4414 sition
1736 4365 1770 4414 de
1785 4379 1851 4426 cars,
1864 4365 1898 4412 de
1910 4365 1998 4412 aricien
2017 4363 2103 4424 eaipe.
2118 4365 2189 4412 Vide
2198 4365 2274 4414 inira

1643 4427 1808 4476 Circillatus.

1700 4489 1722 4536 1.
1734 4485 1866 4546 cenent,
1881 4485 2034 4546 inspectio,
2061 4497 2123 4544 qua
2150 4487 2275 4536 circum·

1641 4549 1735 4598 eundo
1769 4549 1808 4604 lit,
1834 4547 1919 4594 simul
1955 4547 1984 4616 et
2005 4547 2127 4604 Census,
2153 4549 2201 4608 qni
2223 4559 2274 4610 pro

1641 4609 1770 4660 excubiis
1796 4619 1845 4658 seu
1874 4607 2005 4656 custodia
2030 4609 2117 4656 castri
2142 4611 2271 4660 solvitur.

1642 4671 1771 4720 Chertul.
1794 4669 1862 4718 eccl.
1889 4667 2000 4718 Cernat.
2027 4679 2093 4718 enn.
2120 4671 2271 4720 (1113001

1641 4731 1745 4782 Debent
1769 4729 1851 4778 etiam
1875 4743 1967 4778 ornares
1991 4729 2037 4778 isti
2062 4731 2275 4792 (matricularii)

1642 4793 1762 4854 qualibet
1783 4795 1858 4840 nacte
1876 4795 1937 4852 post
1958 4793 2120 4854 ipnitepium
2144 4795 2274 4844 Cercham

1640 4855 1730 4916 facere
1751 4853 1824 4902 circa
1839 4855 1947 4918 cbormn
1971 4859 1995 4902 et
2019 4855 2101 4904 etiam
2118 4867 2169 4916 per
2190 4863 2275 4906 totam

1641 4913 1782 4964 ecclesiam
1801 4929 1861 4962 curn
1884 4913 2016 4964 lutitinari
2034 4915 2065 4962 in
2080 4931 2166 4964 ittarta
2182 4919 2275 4978 cujus-

1643 4977 1713 5024 libet.
1734 4975 1841 5024 Charta
1865 4977 1938 5024 Phil.
1965 4977 2057 5028 Pulcr.
2074 4991 2141 5028 1111.
2158 4979 2226 5028 1314.
2242 4989 2276 5026 ex

1642 5039 1712 5096 Reg.
1739 5035 1778 5084 50.
1805 5037 2043 5110 Cliertophhreg.
2066 5041 2109 5090 ch.
2138 5039 2186 5090 28:
2207 5039 2277 5108 item

1638 5097 2277 5222 1101111111111111101111·

1642 5219 1753 5270 Domini
1763 5235 1773 5280 ,·
1786 5227 1810 5270 et
1824 5225 1941 5284 quatuor
1955 5237 2004 5272 ora
2022 5223 2050 5270 in
2063 5223 2107 5270 die
2119 5223 2238 5276 Paschae,
2251 5225 2278 5266 et

1642 5281 1746 5330 obolum
1778 5283 1809 5332 de
1838 5285 1946 5332 Cercha.
1969 5285 2054 5332 Haud
2079 5285 2137 5332 scio
2159 5295 2196 5330 en
2220 5281 2277 5330 hnc

1641 5345 1786 5404 pertineat
1813 5357 1865 5394 vox
1896 5345 2035 5402 Charmides,
2064 5345 2093 5392 in
2115 5343 2184 5392 veti.
2208 5343 2276 5396 Reg.

1643 5405 1728 5468 cepit.
1744 5407 1840 5456 Aurei.
1861 5405 1910 5456 ahi
1931 5405 2087 5456 annotetur
2111 5415 2127 5450 a
2150 5399 2278 5470 quolibet

1642 5467 1781 5518 canonico
1800 5467 1839 5516 20,
1861 5465 1909 5516 lib.
1932 5467 2002 5516 sohi
2021 5465 2120 5514 debere
2141 5475 2190 5524 pro
2212 5471 2276 5520 Jure

1642 5539 1803 5592 capparum,
1820 5531 1850 5578 et
1861 5529 1900 5578 10.
1917 5539 1967 5590 pro
1988 5539 2031 5584 eo,
2053 5523 2124 5584 quod
2144 5521 2277 5570 Cbarcbes
