5076 6258
263 399 326 464 444
561 403 644 472 coil

263 561 402 612 vallium:
420 565 458 614 Et
471 565 559 616 nullis
573 581 606 616 ea
627 567 666 618 eis
693 573 785 616 tamen
801 565 900 614 dumus

263 623 403 672 licentiam
423 641 512 690 neque
528 635 689 688 potestatem
704 631 794 676 ullum
812 629 898 674 donti-

262 699 332 734 num
346 689 476 748 44444444,
493 703 581 752 neque
600 691 699 738 haltere
721 687 898 738 (1444444114-

262 747 344 808 rium,
369 749 425 798 nisi
443 751 493 798 soli
512 751 567 800 Deo
590 757 616 800 et
637 751 668 798 B.
685 749 779 798 Maria
801 749 898 796 matris

262 809 334 872 eins,
348 815 375 860 et
387 811 518 860 Aetatem
538 817 564 860 et
578 809 720 858 Monachis
734 811 764 856 in
780 809 834 856 loco
848 811 898 858 4444

262 879 356 920 sancto
370 873 402 920 de
419 873 512 920 Obono
527 873 583 920 Deo
598 871 752 928 sarcientes,
770 877 820 918 etc.

293 933 306 994 4
328 937 351 984 1.
375 931 684 992 aauneuotrtnius,
704 931 735 980 in
761 931 898 982 144404-

263 997 368 1044 nonico
382 997 488 1044 dicitur
503 995 682 1042 oeconomus
698 991 832 1042 Ecclesiae
848 1005 897 1042 seu

264 1057 395 1106 beneficii
409 1053 597 1106 ecclesiastici
611 1053 751 1112 vacantis
765 1053 898 1116 durnipsi

263 1119 298 1168 de
312 1117 443 1174 legitimo
456 1117 570 1176 pastore
588 1113 630 1162 vel
653 1125 818 1174 possessore
834 1129 900 1176 pro-

264 1179 406 1228 videatur.
422 1177 464 1224 nd
480 1187 529 1222 sex
544 1185 658 1222 menses
670 1175 756 1234 vulgo
771 1177 899 1236 protrahi

264 1239 379 1300 poterat
391 1237 439 1286 1114
452 1235 756 1284 Oeconomatus.du1n
768 1237 901 1286 Ecclesiae

265 1309 374 1348 vacans
389 1297 451 1346 erat
463 1295 544 1344 sedes
559 1297 732 1356 episcopalis
754 1297 836 1346 illius
851 1297 902 1346 ad-

266 1357 444 1408 ministratio
466 1357 495 1404 et
509 1365 579 1404 cura
596 1357 655 1404 sere
677 1357 819 1420 Episcopo
833 1357 903 1408 vici-

266 1419 341 1468 niori
376 1417 535 1466 secundum
571 1417 620 1476 jus
655 1417 809 1478 antiquum
842 1431 902 1468 cre-

266 1477 397 1530 debatur.
424 1477 495 1548 Hic·
512 1477 714 1548 appellabitur
744 1479 903 1540 Episcopus

267 1537 538 1588 Cornnrendotorms.
548 1539 760 1590 Posterioribus
776 1553 840 1590 vero
854 1553 902 1590 sae-

266 1601 341 1650 culis
367 1601 507 1658 regnante
536 1599 769 1650 Commonitorium
799 1603 901 1660 abusu,

266 1661 528 1710 commendatorias
550 1663 645 1712 dictus
667 1667 710 1712 est
733 1663 755 1712 E
777 1663 836 1714 isco
860 1675 902 1722 ue,

266 1723 315 1782 qui
337 1723 435 1794 plures
463 1723 551 1770 simul
576 1723 721 1796 Ecclesiae
758 1677 778 1774 1)
839 1675 901 1780 irat

267 1795 356 1832 unani
386 1795 470 1844 cujus
506 1785 568 1834 erat
600 1785 747 1844 Taulara,
782 1787 903 1834 alteram

265 1845 375 1894 aliasve
387 1857 459 1904 quas
479 1845 740 1896 Commendotarius
762 1845 903 1896 adminis-

265 1905 373 1962 trabat,
394 1907 426 1954 ut
445 1907 575 1966 plurium
593 1909 692 1970 posset
706 1907 903 1956 Ecclesiarnrn

267 1979 325 2014 una
340 1967 454 2016 tructus
469 1969 624 2030 percipere.
643 1969 685 2018 Ne
701 1969 829 2030 plurium
853 1969 903 2016 Ec·

266 2027 422 2078 clesiarunr
432 2041 508 2080 unus
519 2035 594 2080 esset
602 2029 762 2092 Episcopus
772 2029 903 2078 Oenones

266 2089 476 2150 prohibebant:
503 2103 538 2140 ne
561 2093 739 2140 violarentur
755 2091 798 2138 hae
815 2101 903 2138 sacrae

265 2151 384 2210 regulae,
407 2163 466 2200 una
490 2151 607 2200 nomine
627 2151 710 2212 tituli,
735 2149 825 2200 altera
851 2161 903 2198 no·

267 2213 345 2260 mine
362 2211 746 2272 commendaepossidebatur.
762 2209 830 2260 Haec
841 2209 903 2258 reli-

266 2273 315 2332 gio
329 2275 502 2334 temporum.
520 2273 687 2322 Reversales
704 2269 903 2332 Christopliori

266 2335 402 2394 Episcopi
416 2333 597 2384 Pataviensis
609 2345 659 2394 pro
676 2335 692 2380 J
695 2333 809 2382 ohanne
822 2331 904 2392 Epis-

266 2405 336 2464 copo
350 2395 549 2456 Vespriniensi
561 2405 628 2442 ann.
642 2393 712 2440 1307.
728 2393 803 2454 apud
815 2393 904 2442 Lude·

266 2455 419 2512 14444414.
434 2457 456 2504 4.
491 2467 535 2514 ag.
550 2455 611 2504 317:
624 2455 757 2502 Dominus
766 2453 904 2502 lohannes

266 2515 420 2584 Episcopus
474 2515 652 2576 espriniensis
687 2513 904 2574 Viennensisque

266 2575 396 2624 Ecclesiae
441 2579 588 2638 perpetuus
635 2575 901 2624 Commendotorius.

267 2635 375 2686 charta
390 2637 406 2686 J
409 2637 534 2686 ohannis
549 2639 583 2686 de
599 2637 721 2686 Bavaria
737 2637 821 2686 electi
836 2637 903 2686 Leo-

744 1737 759 1774 o
782 1725 841 1774 tine

267 2697 377 2746 diensis
401 2699 536 2760 Episcopi
562 2697 720 2748 ann.1398.
746 2697 823 2760 apud
850 2697 904 2746 Mi·

267 2771 357 2808 raeum
383 2761 452 2808 torn.
479 2759 503 2806 2.
526 2771 592 2820 pag.
617 2759 673 2808 833.
701 2759 756 2810 ool.
785 2759 797 2806 1
820 2773 825 2806 ι
850 2759 904 2806 Per

266 2819 409 2866 dominum
436 2821 613 2868 Leodiensem
640 2819 806 2878 Episcopum
825 2821 903 2868 Gom-

266 2881 476 2928 mendolorium
494 2881 700 2928 Canteracensis
714 2879 843 2928 Ecclesiae
858 2893 905 2928 su-

263 2941 434 3050 {romanon
447 2941 518 2990 Vide
536 2941 703 2990 Commendo
722 2941 746 2990 3.
762 2943 791 2990 et
811 2941 904 2988 Come·

289 3009 424 3050 eutarius.

300 3061 355 3122 42.
377 3059 692 3118 conneuatrtiuus,
722 3061 752 3110 in
788 3061 905 3110 Monae-

268 3123 341 3172 ierio
367 3119 606 3182 sandionysiano.
632 3123 703 3172 Vide
724 3123 802 3172 14144
826 3123 904 3170 Com·

266 3181 467 3232 mendatorius.

300 3243 355 3304 43.
381 3241 689 3304 condendissimas
715 3243 819 3294 Custos
841 3255 903 3294 cer-

269 3305 352 3354 44414.
367 3303 473 3352 Concil.
491 3305 631 3352 salmani.
656 3315 724 3352 ann.
750 3305 821 3352 1335.
840 3315 902 3366 cap.

268 3365 301 3412 8:
323 3363 458 3412 Nonnulli
485 3363 721 3412 Commendatorii
742 3367 902 3414 4441114444-

268 3425 386 3474 rutilat
398 3427 496 3474 iisdem
512 3425 623 3474 Clericis
637 3427 676 3472 sic
695 3427 842 3476 carceratis
857 3441 903 3476 en-

269 3491 394 3548 torpuent
410 3487 546 3550 pecunias
566 3493 592 3536 et
611 3487 682 3536 olias
701 3503 774 3538 res...
791 3487 903 3550 injuste.

268 3549 340 3598 Vide
356 3547 618 3596 Conamentm·iensis
632 3549 654 3596 1.

300 3607 312 3668 4
326 3611 350 3658 4,
365 3607 674 3670 condendissimas,
687 3609 839 3670 Mercator,
849 3613 903 3660 etc.

268 3669 340 3720 Vide
356 3669 567 3718 Conamendator
579 3669 601 3718 1.
848 3693 852 3700 ·

302 3729 576 3790 denuntiassent,
603 3733 753 3780 Praestatio
782 3743 832 3794 pro
857 3735 903 3782 tu-

270 3793 336 3852 tela,
353 3793 383 3840 in
398 3793 552 3842 Tabularro
569 3793 595 3840 S.
610 3793 702 3850 cyrici
719 3795 834 3844 Niveru.
852 3795 902 3844 Ch.
924 3791 926 3794 ’

267 3855 307 3904 et.
323 3853 395 3904 Vide
411 3853 618 3904 Commendatio
632 3855 655 3904 2.

299 3913 354 3978 41.
377 3913 621 3974 conuentionis,
644 3913 798 3964 Concessio
817 3915 903 3966 bene-

267 3977 326 4026 ficii
343 3989 392 4026 seu
405 3977 486 4026 feodi
499 3977 534 4024 ad
550 3977 648 4032 vitam,
665 3975 825 4024 Prasiorio.
842 3979 903 4024 Hu-

265 4039 316 4098 jus
327 4039 453 4086 formula
474 4037 598 4086 liabetur
619 4037 649 4086 in
665 4037 810 4086 Formulis
827 4039 904 4086 vete-

266 4099 349 4150 ribus
362 4111 378 4148 a
400 4099 438 4148 ud
453 4099 630 4158 Bignouium
642 4109 708 4160 pag.
725 4099 778 4146 400.
792 4099 815 4148 1.
825 4099 901 4146 Edit.

268 4111 421 4210 Domesdei
435 4161 513 4232 apud
530 4159 755 4228 spelmannum:
776 4159 818 4206 104
837 4159 905 4208 14044

267 4223 344 4270 horno
369 4221 466 4272 Edrani
494 4221 710 4270 Commendacue
737 4219 838 4282 (tenet)
863 4221 901 4270 20.

267 4297 325 4332 444.
335 4289 361 4332 44
372 4285 395 4332 3.
410 4283 518 4332 tardor.
534 4287 560 4332 et
575 4281 671 4330 dimid.
685 4295 741 4330 car.
756 4280 800 4330 sil.
815 4281 853 4330 ad
863 4283 901 4332 10.

264 4345 583 4456 rar-ouranos·
599 4343 900 4466 isarnum·

267 4469 417 4528 mendisio,
438 4471 468 4518 in
493 4443 588 4550 digestis¹
604 4465 729 4540 Consul.
755 4467 901 4538 Andegav.

268 4529 903 4650 44114144444411411444

268 4651 483 4702 4441114444414
500 4663 564 4714 pag.
582 4651 619 4702 16.

301 4711 323 4760 1.
332 4711 575 4762 conmendatio.
588 4715 646 4764 Lex
659 4709 841 4770 Langobard.
852 4711 900 4760 lib.

268 4771 292 4818 2.
308 4773 354 4820 tit.
369 4775 407 4822 44.
421 4773 432 4834 i
445 4775 468 4822 2.
491 4773 631 4836 [14404441.
652 4775 688 4822 M.
711 4771 788 4834 100.];
809 4771 903 4820 Crateri

268 4843 330 4878 uero
351 4833 471 4882 domines
493 4833 579 4896 liberi,
600 4833 647 4894 qui
668 4833 709 4882 uel
725 4831 902 4882 0444444114-

269 4889 380 4954 tionem,
407 4897 447 4942 uel
481 4895 649 4958 Beneficium
680 4895 903 4944 Ecclesiasticum
941 4925 944 4932 »

269 4951 379 5002 notent.
402 4957 434 5004 id
457 4959 509 5018 est,
537 4959 586 5018 oui
612 4957 729 5006 domino
757 4957 846 5006 alicui
872 4967 902 5004 se

269 5017 517 5076 commendarunt,
530 5019 645 5080 accepto
659 5017 694 5068 ab
708 5031 740 5068 eo
755 5017 900 5078 beneficio,

269 5083 320 5122 seu
338 5077 453 5134 prndio.

327 5135 513 5204 Beneficium,
530 5149 578 5188 seu
594 5139 735 5202 praedium
747 5141 812 5200 jure
827 5137 901 5188 fidu-

269 5207 360 5244 crarro
391 5207 569 5248 concessum.
599 5201 706 5250 Charta
739 5213 806 5248 ann.
833 5201 900 5248 circ.

269 5257 340 5306 1027.
363 5267 396 5304 ex
425 5255 525 5306 Tabul.
556 5261 582 5308 S.
609 5261 705 5310 Albini
734 5263 900 5320 andegan:

268 5317 333 5368 Fuit
357 5317 469 5386 prtidam
497 5317 704 5380 Ruinardus,...
734 5323 781 5384 qui
812 5321 903 5370 tenuit

269 5377 539 5448 Commendottonem
552 5393 569 5428 a
581 5383 685 5432 seniore
697 5397 744 5430 suo
758 5383 901 5444 Gelduino,

267 5443 357 5506 ipsius
380 5441 474 5502 oppidi
498 5441 615 5500 domino,
639 5449 687 5492 etc.
715 5445 786 5494 Vide
815 5455 903 5506 supra

269 5503 437 5556 Commendo
449 5503 472 5552 3.

300 5569 325 5618 2.
343 5561 586 5632 conuertenda,
613 5563 724 5620 Tutela,
752 5567 902 5626 protectio.

268 5629 304 5680 14
310 5627 581 5678 Commendotmnem
593 5623 690 5672 autern
697 5625 901 5686 potentiorum,

270 5705 300 5744 se
313 5693 343 5744 et
359 5703 402 5742 res
416 5701 483 5742 suas
493 5685 632 5752 ponebant
648 5683 793 5734 interioris
807 5689 902 5738 condi-

1225 401 1307 470 doti

949 565 1038 614 tionis
1051 565 1192 626 homines
1206 565 1239 616 ut
1258 565 1354 616 essent
1367 565 1415 626 qui
1436 577 1465 616 se
1485 567 1512 616 et
1527 577 1579 616 sua

948 627 1101 676 tuerentur
1115 629 1143 676 et
1157 629 1340 688 protegerent
1364 631 1463 676 contra
1481 627 1579 676 inimi-

949 699 996 736 cos
1021 689 1071 736 aut
1098 687 1238 738 bonorum
1262 689 1416 748 invasores,
1437 689 1527 748 iisque
1550 689 1579 736 in

948 749 1082 796 tuitionis
1096 751 1256 798 mercedem
1265 751 1389 810 alicujus
1401 761 1504 798 census
1515 761 1579 810 pen-

949 809 1079 858 sitationi
1121 821 1182 860 sese
1223 811 1451 870 adstringeoant.
1491 811 1579 858 Vetus

950 871 1055 918 Charta
1073 871 1149 932 apud
1166 871 1364 920 Duclresniunr
1377 871 1406 920 in
1425 871 1500 920 Hist.
1520 871 1580 918 Du-

948 943 1014 980 curn
1027 931 1177 990 Burgund.
1190 943 1255 1000 pag.
1269 931 1314 982 52:
1335 931 1478 994 Philippus
1492 931 1581 980 Altos

948 991 1076 1042 Ecclesiae
1089 991 1118 1042 S.
1130 993 1279 1054 Bentpni...
1292 993 1387 1042 uillam
1397 1009 1482 1054 prope
1494 993 1581 1040 Divio-

948 1067 1020 1110 nem,
1037 1069 1096 1114 puae
1114 1053 1213 1102 dieitur
1228 1055 1338 1114 Laneus
1352 1055 1455 1106 uicus...
1473 1053 1581 1114 Httqoni

950 1115 1020 1162 Daci
1031 1115 1200 1174 Burqundiae
1213 1115 1245 1162 in
1261 1115 1582 1176 Commendationempo-

950 1175 1004 1222 suit
1026 1189 1076 1236 pro
1105 1183 1212 1222 centum
1238 1175 1332 1222 solidis
1362 1177 1510 1224 oiinuutim
1536 1177 1584 1224 sol·

951 1237 1062 1296 pendis,
1094 1241 1145 1284 etc.
1175 1237 1239 1284 Alia
1272 1235 1429 1284 Theobaldi
1465 1237 1584 1286 Comitis

953 1295 1098 1346 Blesensis
1115 1307 1181 1344 ann.
1203 1295 1273 1344 1148.
1292 1297 1322 1344 in
1346 1295 1499 1346 Tabulario
1516 1297 1586 1346 Vin-

954 1357 1102 1408 docinensi
1127 1357 1248 1404 Thoano
1280 1357 1329 1404 fol.
1363 1357 1428 1404 203:
1453 1357 1586 1406 Robertas

952 1417 1041 1466 notos
1054 1417 1144 1464 uolens
1158 1417 1279 1464 devitare
1293 1417 1413 1478 injurios
1427 1423 1451 1464 44
1469 1419 1586 1480 infesta-

953 1477 1040 1526 tiones
1062 1477 1283 1538 rnolefoctorum,
1298 1479 1387 1540 pascuit
1400 1477 1430 1526 in
1444 1477 1586 1526 (14444444-

953 1541 1066 1588 11444444
1076 1553 1139 1588 meo
1148 1537 1217 1588 duos
1228 1539 1307 1588 uillas
1319 1553 1383 1588 suos
1394 1553 1461 1602 quas
1472 1539 1586 1588 liobetot

953 1601 1125 1662 inpartibus
1152 1601 1405 1660 Vindocinensibns‚
1425 1601 1463 1648 10.
1489 1601 1586 1648 solidos

953 1663 1092 1712 Blesensis
1111 1665 1224 1710 14444444
1239 1663 1307 1710 milii
1318 1663 1458 1710 reddendo
1480 1663 1516 1710 od
1533 1663 1586 1722 fes-

954 1731 1011 1774 tum
1026 1723 1055 1772 S.
1069 1723 1183 1772 loannis
1194 1723 1364 1784 Baptista...
1376 1725 1491 1784 pactum
1503 1723 1587 1770 etiam

953 1783 1016 1842 fuit,
1033 1783 1105 1846 quod
1120 1797 1166 1844 epo
1181 1785 1222 1832 oel
1237 1785 1355 1834 heredes
1376 1785 1429 1832 mei
1445 1785 1587 1832 Certamen-

953 1845 1093 1894 dationem
1109 1845 1188 1892 illam
1209 1845 1243 1894 cle
1256 1859 1344 1892 manu
1365 1853 1458 1892 nostra
1472 1859 1527 1892 non
1541 1845 1587 1904 eji-

954 1905 1078 1966 cerimus,
1095 1905 1180 1954 alicui
1194 1905 1420 1954 44144444444114.
1437 1905 1586 1966 Eiusmodi

953 1969 1110 2030 praestetiO.
1190 1977 1201 2002 ¹

985 2027 1214 2078 Corrrrnrvoario
1227 2027 1335 2088 passim
1354 2027 1468 2076 dicitur.
1493 2025 1587 2076 Tabu-

953 2089 1005 2136 lar.
1022 2089 1050 2136 S.
1068 2087 1166 2136 Albini
1181 2089 1412 2146 andegavensis:
1440 2087 1587 2136 Viceoomos

953 2149 987 2196 de
1016 2149 1128 2196 Toorcio
1151 2149 1292 2210 eapetelrot
1321 2147 1476 2208 (inondum,
1503 2161 1587 2210 paam

954 2209 1224 2258 Commendationetn
1245 2213 1353 2268 uocant,
1376 2209 1410 2256 de
1433 2209 1509 2270 ailla,
1527 2221 1587 2270 qaae

953 2269 1058 2318 dicitur
1073 2269 1230 2318 Brociocns.
1249 2269 1338 2326 Quare
1361 2269 1520 2318 Losdelinue
1535 2269 1587 2316 Mo-

953 2333 1104 2380 nachorum
1121 2331 1287 2392 Praepositae
1314 2331 1348 2380 cie
1373 2331 1498 2380 Maitona
1518 2331 1587 2380 Vice-

954 2391 1077 2440 comitem
1093 2391 1282 2442 Hoirnericum
1300 2391 1378 2452 odiit,
1398 2391 1516 2454 fecitque
1538 2393 1588 2440 hac

953 2453 987 2500 de
996 2467 1025 2500 re
1039 2455 1093 2502 tale
1103 2455 1239 2512 placitum
1253 2467 1315 2500 cum
1327 2467 1355 2500 eo
1367 2467 1374 2500 :
1389 2453 1539 2500 Monachus
1554 2453 1588 2502 de

953 2513 1082 2562 Brocioco
1108 2515 1183 2564 dabit
1211 2527 1263 2574 per
1288 2515 1411 2576 stapulas
1439 2527 1527 2562 annos
1553 2515 1589 2560 ad

953 2575 1061 2622 Posmo
1073 2575 1096 2624 5.
1112 2575 1210 2624 solidos
1223 2575 1257 2624 de
1282 2575 1523 2624 Cornrnendotione
1543 2573 1588 2622 Vi-

954 2635 1095 2684 cecomiti:
1111 2651 1158 2698 444
1183 2635 1262 2684 solidi
1286 2635 1309 2682 si
1329 2637 1386 2698 ipso
1407 2637 1452 2684 die
1476 2635 1589 2684 Pasclne

953 2695 1057 2746 redditi
1068 2711 1125 2746 non
1138 2697 1339 2758 4444144418.
1362 2699 1419 2746 dies
1437 2697 1589 2746 reddentur

953 2757 1014 2806 sine
1028 2759 1093 2818 leae.
1109 2759 1198 2818 Ipitur
1209 2773 1261 2818 pro
1280 2759 1331 2806 ltac
1351 2773 1380 2806 re
1395 2759 1522 2820 promisit
1544 2757 1588 2808 Vi-

954 2833 1070 2868 cecomes
1083 2819 1233 2882 pradictus
1244 2821 1435 2882 supradictam
1446 2819 1551 2878 uillam,
1563 2825 1588 2868 44

953 2893 1047 2928 ontnes
1061 2881 1183 2928 tornines
1194 2881 1281 2940 ipsius
1296 2881 1368 2928 ailla
1382 2895 1410 2928 se
1424 2881 1523 2942 ultique
1535 2895 1588 2930 ser-

953 2945 1093 3000 uaturum,
1106 2949 1131 2988 44
1148 2941 1231 2990 etiam
1243 2941 1314 3002 ipsos
1330 2941 1451 2990 domines
1474 2941 1508 2988 de
1524 2941 1588 2988 Bro-

955 3001 1036 3062 ciuco,
1049 3001 1096 3060 qui
1107 3005 1251 3048 morantur
1261 3001 1293 3048 in
1301 3001 1384 3062 burco
1392 3001 1587 3050 Menotharum

954 3063 1031 3124 apud
1056 3061 1253 3120 Mosteriolum,
1287 3061 1416 3112 custodiet
1441 3067 1537 3110 euntes
1562 3067 1589 3110 et

954 3123 1109 3180 redeuntes,
1127 3123 1261 3184 quamdiu
1277 3123 1310 3170 de
1324 3123 1450 3172 Brocioco
1472 3123 1587 3184 fuerint,

954 3189 1002 3232 etc.
1018 3183 1191 3234 1411111445.
1206 3185 1342 3246 Cypriani
1358 3187 1481 3234 Pictam:
1494 3185 1589 3246 Neque

955 3245 1120 3304 biduanum,
1133 3259 1222 3306 neq-ue
1235 3247 1322 3294 olium
1338 3245 1460 3292 debitam
1484 3245 1516 3294 ab
1531 3245 1588 3292 illis

953 3305 1122 3368 hominibus,
1151 3305 1199 3366 qui
1231 3307 1428 3364 habitauerint,
1461 3307 1587 3368 eaipant,

953 3367 1122 3414 solummodo
1134 3367 1404 3416 commendationem
1417 3367 1523 3414 salvam
1544 3367 1559 3428 f
1576 3391 1588 3402 -

954 3427 1054 3486 ciendi,
1071 3433 1182 3490 propter
1196 3441 1315 3478 atriorem
1330 3427 1381 3476 Dei
1396 3427 1472 3476 nobis
1489 3431 1588 3478 retine·

953 3505 1022 3546 mus,
1043 3493 1092 3538 444.
1118 3491 1224 3538 Charta
1247 3501 1314 3538 ann.
1338 3489 1407 3538 1076.
1434 3491 1510 3550 apud
1533 3493 1588 3538 Du-

954 3551 1107 3600 chesnium
1127 3551 1158 3598 in
1177 3551 1252 3598 Hist.
1269 3551 1382 3600 Ducum
1398 3551 1587 3608 Burgundiae:

954 3611 1167 3660 Sotoomeomm
1213 3611 1269 3658 siue
1318 3611 1589 3660 Conanaendotionem

923 3711 924 3716 ,
954 3685 1038 3734 quain
1051 3673 1082 3720 in
1096 3671 1303 3720 Nerontisvilla
1322 3671 1500 3734 accipiebant.
1524 3673 1588 3722 nita

955 3733 1093 3784 Gauiredi
1109 3733 1230 3782 Comitis
1241 3733 1458 3794 andegavensis
1482 3735 1512 3782 in
1534 3733 1588 3782 Τ4-

955 3795 1066 3844 bulario
1086 3795 1112 3844 S.
1135 3795 1228 3844 Laudi
1251 3795 1469 3854 inderemus:
1494 3795 1531 3842 Et
1556 3793 1590 3842 de

955 3857 1033 3904 tertio
1052 3855 1108 3904 siae
1130 3855 1222 3916 lenibo,
1249 3855 1305 3904 siae
1326 3855 1402 3914 noui,
1421 3867 1509 3902 44444
1532 3869 1589 3904 444-

955 3919 1056 3966 tarium
1080 3917 1157 3978 solis,
1173 3923 1199 3964 44
1217 3915 1363 3964 dimidium
1384 3921 1493 3976 purtem
1511 3915 1588 3964 Com-

953 3977 1149 4026 mendatiom's.
1173 3977 1237 4026 Alia
1261 3977 1390 4036 ejusdcm
1413 3977 1533 4026 Cornitis
1557 3979 1588 4026 in

955 4039 1049 4088 Gallia
1076 4039 1179 4086 Christ.
1208 4039 1498 4088 Sanrrnarthanorum
1517 4039 1587 4086 tom.

953 4099 976 4148 i.
1000 4111 1065 4162 peg-
1092 4099 1159 4148 324:
1194 4097 1400 4146 Commendatio
1431 4099 1587 4156 vinearum,

955 4159 1160 4208 Commendatio
1183 4159 1372 4208 asinariorum
1397 4159 1491 4208 vinnm
1517 4161 1588 4220 defe-

953 4223 1082 4272 rentium.
1097 4221 1168 4270 Vide
1186 4219 1407 4270 Salsamentum.

983 4283 1263 4342 11041444444144144,
1284 4283 1383 4332 eadem
1412 4283 1587 4344 acceptione,

952 4345 984 4394 in
996 4345 1054 4394 Lit.
1067 4357 1136 4394 ann.
1153 4345 1305 4396 13111441.
1331 4347 1355 4394 6.
1376 4345 1506 4394 Ordinat.
1527 4357 1587 4402 reg.

953 4407 1056 4456 Frena.
1080 4417 1145 4468 pag.
1169 4405 1230 4456 318:
1250 4405 1392 4454 Constitue
1418 4419 1499 4454 encor
1522 4405 1588 4454 ledit

953 4471 1039 4528 conte,
1055 4483 1107 4528 pue
1121 4467 1269 4516 chevaliers
1286 4483 1320 4516 ne
1335 4469 1400 4516 nula
1414 4473 1516 4522 autres,
1538 4479 1588 4514 au·

953 4543 1005 4576 cun
1017 4531 1123 4578 ltornme
1138 4529 1172 4578 de
1184 4529 1286 4576 ladicte
1300 4529 1371 4584 ville,
1388 4543 1459 4590 pour
1479 4541 1589 4576 aucttne

953 4603 1123 4638 conoeuance
1135 4603 1169 4636 oa
1178 4603 1249 4648 pour
1262 4597 1342 4638 outre
1357 4603 1446 4648 cause,
1462 4603 1496 4636 ne
1508 4603 1589 4650 pour·

952 4649 1005 4698 roit
1019 4651 1160 4712 recoquier
1170 4651 1203 4700 de
1217 4651 1316 4700 indicte
1331 4649 1468 4708 oille,seil
1479 4649 1589 4698 n’estoit

953 4723 1000 4758 son
1024 4713 1129 4760 homme
1153 4713 1185 4760 de
1209 4727 1296 4772 corps,
1320 4725 1355 4760 ou
1379 4711 1446 4774 qu'il
1472 4715 1532 4758 eust
1553 4725 1588 4760 en

952 4771 1044 4820 icellui
1079 4787 1187 4822 aucune
1226 4773 1363 4822 44444444
1402 4773 1588 4822 Continentia-

953 4833 1023 4890 cion,
1047 4839 1095 4882 etc.

982 4893 998 4926 n
1024 4893 1321 4946 doirnrnoarrovan
1345 4895 1505 4952 nrormrn,
1532 4895 1588 4942 Tu-

952 4955 1017 5004 telae
1040 4965 1091 5004 seu
1112 4957 1286 5016 protectioni
1301 4955 1426 5016 alicuius
1447 4955 1590 5004 nuncium

953 5017 1107 5066 remittere.
1125 5017 1233 5066 Charta
1246 5017 1334 5066 Guill.
1355 5017 1451 5066 comit.
1469 5017 1588 5066 Nivern.

952 5089 1019 5126 ann.
1050 5077 1119 5126 1105.
1145 5077 1221 5126 inter
1244 5077 1360 5128 Probat.
1382 5079 1455 5128 Hist.
1478 5077 1587 5126 Autiss.

951 5149 1017 5200 pag.
1033 5137 1072 5186 22.
1089 5137 1140 5186 col.
1157 5137 1186 5186 2:
1208 5137 1239 5186 Si
1253 5139 1376 5186 homines
1401 5137 1429 5186 S.
1454 5137 1588 5186 Gerrnani

951 5213 979 5246 se
1001 5197 1223 5248 cornrnendorint
1243 5199 1371 5248 Bacarda
1394 5199 1520 5260 44441144
1544 5213 1588 5248 oo-

953 5257 1056 5308 luerint
1078 5261 1261 5308 commendati
1283 5263 1326 5308 sui
1352 5265 1454 5318 erunt;
1474 5265 1499 5310 et
1526 5275 1588 5310 cnm

952 5321 1018 5370 inde
1042 5321 1124 5372 44444
1144 5321 1291 5382 voluerint,
1319 5321 1589 5372 Commemlotionem

952 5383 1078 5442 reddent,
1101 5389 1126 5432 et
1149 5389 1242 5446 postea
1267 5383 1449 5432 commendati
1469 5385 1513 5434 sui
1531 5399 1588 5434 non

953 5453 1044 5494 erunt.
1059 5447 1130 5494 Vide
1147 5457 1211 5494 mox
1228 5445 1452 5494 Commendotus.

983 5505 1266 5566 secundicerio,
1293 5509 1426 5564 MutatiO,
1447 5509 1478 5556 in
1502 5509 1587 5568 Legi·

955 5567 1007 5618 bus
1020 5569 1139 5616 chrici
1153 5569 1173 5614 1.
1188 5569 1275 5626 Regis
1288 5569 1371 5628 Angl.
1385 5581 1446 5632 cap.
1466 5569 1506 5618 45.
1517 5571 1588 5620 Vide

953 5629 1152 5678 Commendare
1161 5627 1184 5676 2.

983 5689 1241 5752 tdorrarnnoerro
1256 5691 1421 5752 Eoonnsraa,
1448 5693 1509 5752 Qua
1533 5693 1588 5742 Pa-

1913 403 1995 474 coil

1630 571 1731 618 tronus
1744 569 1850 622 Laicus
1862 571 2003 632 Episcopo
2015 569 2172 630 praesentat
2182 569 2260 618 Pres-

1629 631 1771 692 byterum,
1795 633 1843 692 qui
1872 633 1903 680 in
1931 629 2068 688 Ecclesia,
2100 629 2183 688 cujus
2205 631 2259 678 Pa-

1630 691 1731 738 tronus
1746 693 1799 752 est,
1819 693 1920 740 munia
1940 691 2027 742 obeat
2048 689 2258 742 Ecclesiastica.

1631 751 1737 798 Concil.
1754 751 1859 802 Arelat.
1874 763 1942 800 ann.
1955 751 2009 802 813.
2023 763 2086 802 can.
2099 751 2128 800 5:
2153 749 2183 798 Ut
2197 751 2261 800 laici

1630 825 1646 858 o
1664 811 1831 872 Presbyteris
1847 825 1903 860 non
1927 813 2049 860 audeant
2069 823 2186 858 munero
2208 813 2261 858 eooi-

1629 883 1691 934 ¹aere
1712 875 1822 932 propter
1839 871 2108 922 Commendationem
2124 871 2259 922 Ecclesia.

1632 933 1702 982 Vide
1718 941 1805 994 supra
1819 931 2015 982 Commendare
2028 931 2186 982 Ecclesium.¹

1661 991 1674 1052 4
1697 991 1926 1044 dourrieupnrro
1961 995 2176 1044 Pourrrreanrs
2205 993 2261 1044 ΒΑ-

1632 1055 1895 1114 41111,11144444411
1910 1053 2087 1114 investitura,
2108 1067 2164 1114 oua
2179 1055 2260 1104 Prin-

1633 1127 1698 1176 ceps
1711 1115 1867 1162 traditione
1893 1113 1988 1164 baculi
2000 1117 2165 1176 pastoralis,
2183 1117 2262 1178 Epis-

1634 1187 1737 1238 copum
1774 1187 1872 1224 recens
1905 1175 2028 1222 electum
2061 1177 2196 1224 mittebat
2232 1177 2261 1226 in

1634 1235 1844 1346 possessionem
1857 1235 2129 1294 EpiscopatusVita
2144 1237 2169 1284 S.
2177 1237 2264 1286 ..Rem-

1656 1297 1709 1346 erti
1730 1297 1860 1356 archiep.
1882 1293 2091 1354 Hammeburg.
2115 1307 2193 1344 num.
2217 1297 2264 1346 11:

1635 1357 1686 1406 Die
1700 1355 1877 1418 depositionis
1894 1353 1987 1402 domni
2000 1355 2133 1416 Ansporii
2147 1357 2265 1406 11444444-

1637 1421 1696 1466 tum
1717 1429 1808 1464 ornnes
1829 1413 1995 1464 concorditer
2023 1417 2172 1476 4144444444,
2200 1417 2265 1466 Cum

1636 1477 1785 1528 concordia
1794 1483 1882 1540 poeto,
1905 1475 1941 1524 ad
1960 1477 2107 1538 pieriosum
2120 1481 2185 1526 tunc
2200 1485 2266 1526 tem-

1633 1539 1709 1600 poris
1739 1541 1839 1600 Repem
1869 1537 2058 1588 Hludowicum
2091 1537 2267 1590 adducerent

1636 1615 1698 1650 eum
1719 1601 1771 1648 oiri
1795 1599 1975 1656 uenerabiles,
2006 1599 2166 1648 Tlriadricus
2195 1601 2267 1648 Min·

1637 1661 1729 1712 densis
1741 1663 1867 1710 Ecclesia
1886 1661 2044 1722 Episcopus,
2059 1665 2085 1708 et
2098 1659 2266 1720 Adalpurius

1636 1723 1727 1772 Abdus
1740 1723 1899 1772 monasterii
1920 1735 1992 1770 nouae
2009 1723 2141 1770 Carteiae:
2158 1735 2235 1770 susce
2255 1749 2268 1762 -

1638 1787 1734 1846 taspue
1748 1785 1782 1830 ob
1805 1797 1834 1832 eo
1856 1783 2009 1846 honorifice,
2028 1795 2089 1830 cum
2101 1737 2268 1844 pontificoiis

1637 1845 1728 1894 bactrii
1761 1845 1846 1906 juata
1882 1857 1983 1892 oaorem
2019 1843 2268 1906 Cornmendatione,

1637 1907 1816 1968 Episcopatus
1831 1911 1870 1954 est
1886 1905 1998 1954 sortitus
2017 1903 2178 1954 dominium.
2201 1907 2268 1962 Quae

1638 1969 1723 2018 verba
1736 1969 1765 2016 in
1780 1969 1904 2026 gratiam
1917 1967 2076 2028 imperialis
2091 1967 2268 2016 investitura

1637 2029 1750 2078 intrusa
1763 2029 1854 2076 fuisse
1865 2029 1992 2090 tempore
2008 2029 2125 2078 Henrioi
2141 2029 2190 2076 111.
2207 2041 2269 2078 oen-

1637 2091 1681 2138 set
1702 2089 1913 2148 HensoheniuS,
1938 2091 1992 2140 hac
2012 2091 2135 2138 maxime
2158 2089 2269 2140 ratione

1638 2151 1755 2208 ductus,
1785 2151 1860 2210 quod
1893 2151 1923 2198 in
1955 2151 2102 2212 primariis
2134 2149 2270 2200 Ecclesiae

1637 2209 1868 2270 Hamburgensis
1888 2213 1917 2260 44
1934 2211 2097 2260 Breniensis
2110 2211 2269 2272 privilegiis

1637 2271 1750 2320 nulium
1778 2271 1866 2332 lauJ'us
1887 2271 1927 2320 rei
1951 2271 2105 2332 vestigium
2123 2275 2269 2332 44444444.

1639 2333 1674 2380 Et
1685 2333 1783 2380 tamen
1799 2333 1935 2392 ridemus,
1952 2335 1984 2382 ut
1999 2335 2074 2382 recte
2084 2331 2270 2380 Mabillonius

1638 2391 1778 2448 observat,
1794 2393 1913 2442 Henrici
1934 2395 2063 2452 44444114,
2076 2395 2136 2442 11444
2159 2395 2271 2454 privile-

1638 2455 1685 2512 gia
1700 2467 1751 2514 pro
1763 2455 1935 2504 investitura
1950 2455 2094 2514 imperiali
2109 2455 2210 2502 laudat
2225 2453 2270 2502 his

1638 2515 1732 2564 verbis
1753 2515 1857 2576 capitis
1883 2515 1914 2564 28
1931 2529 1936 2562 :
1956 2515 2079 2562 Polliam
2110 2515 2271 2562 Rembertus

1634 2573 1795 2638 pontificale
1805 2575 1922 2636 suscepit
1934 2587 1951 2622 a
1965 2575 2045 2638 Papo
2057 2575 2175 2634 Nicoloo,
2192 2577 2271 2636 feru-

1639 2635 1695 2684 lam
1706 2637 1875 2698 pastoralem
1896 2649 1913 2684 a
1933 2637 2039 2686 Caesare
2058 2635 2157 2708 (Rege)
2171 2637 2272 2686 Laide·

1637 2697 1710 2756 mico,
1727 2697 1796 2746 sicut
1810 2699 1841 2746 in
1852 2697 2004 2758 privilepiis
2029 2697 2152 2760 dipnosci
2173 2701 2271 2760 potest.

1670 2759 1899 2810 Couurnnoarro
1933 2761 2168 2810 Vnssnnuonuur.
2202 2761 2273 2808 Ful-

1638 2817 1737 2868 bertus
1761 2819 1875 2868 044444.
1905 2821 1996 2882 Epist.
2023 2821 2058 2866 6:
2086 2821 2142 2868 Hoc
2164 2833 2181 2868 a
2201 2821 2274 2868 vobis

1638 2879 1725 2942 euripo,
1739 2881 1916 2930 securitatem
1935 2881 2049 2930 demea
2063 2881 2121 2928 aito
2141 2885 2167 2928 et
2187 2893 2274 2928 mem-

1638 2941 1732 3002 bris...
1759 2941 1793 2988 de
1814 2947 1924 3002 receptu
1953 2941 2100 2990 Vindocini
2125 2941 2210 2990 castri
2235 2939 2274 2986 ad

1638 3013 1728 3048 meum
1742 3015 1823 3048 usuro
1845 3007 1870 3050 et
1887 3015 2010 3050 meorum
2023 3001 2157 3062 fidelium,
2169 3001 2216 3062 444
2228 3015 2274 3046 oo-

1639 3061 1678 3108 bis
1691 3061 1888 3110 assecurabunt
1900 3061 1971 3110 iliad
1977 3075 1989 3122 ;
2005 3061 2276 3110 Commendationem

1637 3127 1791 3170 uestrorum
1806 3121 1937 3182 Militum,
1959 3121 2005 3184 qai
2027 3123 2059 3172 de
2080 3127 2172 3170 nostro
2196 3135 2275 3170 casa-

1637 3189 1729 3232 mento
1748 3183 1908 3244 beneficium
1927 3189 2031 3244 tenent,
2046 3185 2124 3232 solva
2142 3183 2277 3244 fidelitate

1637 3249 1737 3304 oestro,
1753 3251 1803 3292 444.
1816 3245 1850 3292 Id
1868 3247 1922 3302 est,
1944 3247 1976 3292 ut
1999 3245 2139 3292 vassallos
2155 3247 2274 3304 vestros,

1638 3305 1687 3364 oui
1701 3305 1757 3352 nrei
1776 3305 1865 3354 etiam
1889 3307 1968 3364 sunt,
1989 3305 2061 3352 mihi
2072 3309 2208 3366 praestare
2227 3317 2274 3354 ve-

1638 3367 1708 3424 litis,
1726 3367 1799 3414 Gall.
1814 3363 1934 3414 Prester.

1668 3423 1977 3484 incendiariam,
2005 3429 2038 3474 ut
2058 3425 2228 3474 Commendo
2249 3427 2274 3476 1.

1638 3489 1818 3550 Depositum.
1843 3487 1949 3536 Charta
1973 3487 2061 3536 Henr.
2087 3487 2184 3536 comit.
2211 3487 2274 3536 Tre-

1638 3561 1716 3598 cens
1741 3559 1808 3598 ann.
1833 3547 1903 3596 1119.
1925 3547 1956 3596 in
1980 3547 2110 3596 Chartul.
2136 3549 2274 3608 Campan.

1639 3609 1719 3658 Geni.
1732 3609 1801 3658 Com
1823 3611 1864 3658 ut.
1876 3609 1983 3658 Paris:
1996 3607 2059 3664 Qun
2073 3607 2184 3668 quidem
2217 3607 2276 3656 ain-

1638 3671 1772 3732 puapintu
1789 3621 1864 3718 idm
1873 3669 1936 3730 iam
1947 3669 2041 3740 positae
2055 3675 2120 3718 eunt
2143 3669 2173 3718 in
2197 3623 2275 3718 4444-

1638 3731 1816 3780 mendatione
1849 3731 1880 3778 in
1909 3733 2020 3780 ecelesia
2054 3731 2087 3780 B.
2118 3731 2215 3778 Mariae
2242 3731 2275 3778 de

1640 3793 1744 3856 Chopia
1748 3829 1794 3842 .....
1815 3791 1957 3842 Ρο444444
1975 3793 2123 3852 pecuniam
2143 3793 2174 3840 44
2188 3797 2275 3840 custo-

1638 3855 1687 3902 dio
1711 3853 1741 3902 in
1760 3853 1872 3902 ecclesio
1897 3853 1931 3904 de
1955 3853 2069 3916 Chopio.
2095 3855 2166 3904 Vide
2189 3865 2276 3916 supra

1640 3915 1821 3964 Commendo.

1670 3973 1975 4034 COMMENDATIONES,
1994 3975 2123 4024 officium
2148 3977 2190 4024 vel
2217 3987 2276 4024 ora-

1637 4037 1732 4086 tiones
1747 4047 1798 4098 pro
1814 4037 1971 4086 defunctis.
1985 4035 2101 4094 Eurotoi,
2118 4037 2196 4100 apud
2212 4037 2275 4084 014-

1638 4099 1765 4146 mentem
1781 4095 1830 4146 lib.
1846 4097 1869 4146 8.
1886 4097 2135 4148 Constitutionum
2154 4099 2275 4160 Aposto-

1638 4159 1684 4208 lic.
1696 4171 1759 4220 cap.
1772 4159 1810 4208 43.
1826 4157 1956 4222 Officium
1968 4159 2230 4218 commendationis,
2243 4159 2274 4208 in

1640 4221 1764 4270 Statutis
1779 4221 1888 4270 ordinis
1908 4219 1942 4268 de
1964 4219 2198 4284 8441444444444,·
2210 4219 2275 4282 puio

1638 4281 1669 4328 in
1682 4295 1711 4330 eo
1723 4281 1754 4342 stt
1768 4279 1974 4332 Commendatio
1998 4283 2097 4330 atrimae
2117 4281 2244 4342 defuncti
2258 4293 2277 4330 a

1639 4343 1797 4392 Sacerdote.
1815 4343 1875 4392 Ebo
1892 4343 2052 4404 Remensis,
2066 4345 2101 4392 de
2116 4343 2274 4392 Ministris:

1638 4405 1758 4454 Mortuos
1783 4417 1845 4452 cum
1866 4405 2153 4454 Commendationibus
2176 4405 2277 4452 anima

1638 4471 1664 4514 et
1678 4465 1848 4514 orationibus
1862 4465 1956 4528 dionis
1971 4465 2105 4528 obsequiis
2128 4465 2277 4528 sepulturae

1637 4527 1832 4576 uenerabiliter
1855 4527 1975 4576 tradere.
2003 4529 2071 4578 Vita
2097 4527 2124 4576 S.
2154 4529 2276 4578 Deodati

1638 4587 1758 4638 Abbatis
1775 4601 1854 4636 num.
1868 4589 1899 4636 9:
1913 4587 2024 4636 intereo
2036 4589 2097 4650 jam
2117 4587 2277 4636 enonimem

1639 4653 1664 4696 et
1677 4651 1757 4710 quasi
1772 4663 1865 4710 sopore
1876 4649 2036 4712 depressum
2050 4651 2160 4698 vultum
2171 4661 2277 4696 roseum

1638 4711 1777 4758 mitissimi
1809 4711 1926 4762 Deodoti
1959 4711 2133 4774 aspicientes,
2168 4711 2277 4758 odorem

1638 4771 1832 4820 suavissimam
1859 4773 2009 4828 traltentes,
2029 4787 2088 4822 cum
2105 4771 2277 4822 salutaribus

1639 4833 1929 4882 Commendationibus
1966 4841 2142 4898 operuerunt.
2175 4831 2276 4882 Conci·

1638 4895 1710 4942 liunr
1727 4895 1886 4944 Milevitan.
1907 4897 1943 4942 11.
1969 4907 2031 4956 cap.
2055 4893 2103 4942 12:
2126 4893 2238 4942 Placuit
2251 4897 2276 4942 et

1637 4955 1716 5018 illud,
1730 4963 1761 5004 at
1771 4969 1874 5016 preces,
1890 4957 1931 5004 444
1942 4957 2089 5016 orationes,
2105 4969 2154 5004 seu
2177 4953 2276 5010 Missae,

1637 5031 1696 5078 puae
1710 5017 1830 5080 protom
1841 5019 1948 5080 fuerint
1958 5017 1987 5066 in
2001 5017 2129 5074 Concilio,
2143 5017 2196 5066 siae
2208 5029 2276 5078 pra-

1637 5079 1767 5140 fotiones‚
1787 5079 1844 5128 siae
1859 5079 2124 5136 Commendationes,
2147 5091 2193 5126 seu
2216 5091 2276 5124 rna·

1637 5155 1690 5188 nus
1706 5141 1899 5202 impositiones,
1913 5141 1947 5190 ab
1963 5139 2088 5190 erunibus
2096 5139 2275 5188 celebrentur.

1637 5203 1792 5264 Παραθὲσεις
1827 5203 1857 5250 111
1887 5203 1953 5250 (iod.
1985 5201 2138 5250 Candidum
2166 5201 2274 5248 Eccles.

1637 5263 1725 5312 Afric.
1736 5275 1798 5312 can.
1812 5263 1865 5312 103.
1874 5263 1944 5312 Vide
1955 5263 2061 5312 Concil.
2075 5263 2212 5320 Catrtlrag.
2222 5263 2274 5308 111.

1637 5337 1701 5376 can.
1715 5325 1753 5374 22.
1767 5323 1875 5374 doncii.
1893 5323 2023 5372 Toletan.
2048 5325 2097 5372 111.
2113 5335 2176 5384 cap.
2194 5323 2230 5372 13.
2248 5325 2276 5370 44

1639 5386 1728 5434 Tolet.
1753 5387 1800 5434 XI.
1824 5397 1886 5448 cap.
1916 5385 1955 5434 12.
1982 5383 2179 5446 [compostell.
2208 5395 2275 5432 ann.

1638 5447 1708 5496 1031.
1723 5459 1785 5506 cap.
1795 5447 1821 5494 2.
1835 5447 1933 5494 Baluz.
1949 5447 2019 5494 tom.
2030 5447 2053 5494 2.
2068 5447 2145 5496 Hist.
2158 5447 2275 5494 arvern.

1638 5519 1703 5570 pag.
1721 5507 1788 5566 51114]
1803 5505 2013 5564 Commendare,
2037 5509 2130 5566 dulor,
2156 5507 2199 5554 vel
2223 5505 2276 5554 diis

1640 5569 1846 5628 Cemtitendare,
1866 5569 1911 5616 CSi
1932 5569 2047 5630 εὔχεσθαι
2069 5567 2130 5624 ὑπὲρ
2154 5585 2226 5626 τινος,
2243 5567 2276 5614 111

1638 5629 1822 5678 observatum
1848 5641 1863 5678 a
1891 5627 2061 5678 Casaubono
2088 5629 2124 5680 ad
2147 5629 2275 5690 Spartia-

1638 5701 1719 5746 num,
1733 5701 1767 5738 ex
1778 5689 1877 5738 eodeni
1894 5689 2046 5752 Spartiuno
2057 5691 2086 5740 et
2098 5689 2274 5752 Lampridio.
