5076 6258
566 227 643 300 CHA

281 401 390 446 cieteros
405 409 466 444 eam
476 395 585 458 puriter
597 403 621 444 et
637 395 751 444 Forestsi
759 409 769 454 ,·
784 395 921 446 libertates

279 461 331 520 que
341 457 375 504 ab
388 457 513 506 omnibus
525 457 652 518 imperat,
662 455 822 516 ieiunieiito
834 459 920 508 iuter-

278 519 375 584 posito‚
392 519 615 566 conservandas:
630 519 702 578 quod
728 523 785 566 tem
805 521 920 580 feliciter

281 581 465 640 adimpletum
488 585 537 638 est,
564 585 595 626 ut
622 593 672 626 nec
692 577 749 626 iota
774 595 861 630 uuum
890 583 920 632 in

282 641 364 702 Reqis
381 641 483 688 Cbarta
499 645 665 702 contentum,
689 639 783 690 eutitii
804 653 919 706 prseter-

280 703 404 752 missum.
418 701 483 748 Bics
497 703 603 762 fauste,
620 703 667 750 sed
689 703 857 754 brevissime.
875 707 919 754 Aa

281 765 361 824 cujus
389 769 481 810 temen
506 761 711 812 munimentum
734 767 919 816 eocconimnni-

281 821 401 874 cationis
413 825 579 872 sententiam
608 823 638 872 in
658 827 824 878 Gliaitarum
836 827 920 876 uiola-

282 893 354 936 tores
379 887 540 948 promulqet
577 887 734 950 Stephanus
766 891 919 950 Arcbiepi's-

281 963 363 1018 copus
379 947 539 996 Ceutuariei
552 951 694 1014 ceterique
713 953 820 1016 Anqliee
837 951 920 1012 Epis-

281 1023 350 1070 copi,
365 1021 452 1068 quam
471 1011 587 1060 subinde
599 1015 725 1062 metuisse
745 1013 848 1064 dicitnr
862 1013 921 1060 Rea

282 1069 427 1120 Heuricus.

313 1131 431 1178 Biennio
454 1145 515 1180 vero
533 1141 629 1194 postea
650 1133 690 1196 (id
705 1139 755 1190 est,
770 1145 817 1182 an.
841 1133 918 1178 Boin.

281 1193 576 1256 instituuntque
593 1195 679 1242 etatis
700 1193 813 1242 veniens
827 1191 919 1252 pleni-

283 1255 417 1310 tudinem,
435 1255 465 1302 in
488 1255 599 1318 luqubri
623 1255 672 1316 (sic
695 1257 742 1304 boc
767 1253 921 1312 Florilequs

281 1315 439 1378 nuncupet)
454 1317 600 1366 anuiensi
629 1315 756 1374 Consilio,
770 1313 920 1364 cancellari

281 1377 347 1436 fecit
359 1383 384 1424 et
409 1379 512 1426 casseri
528 1393 621 1426 omnes
637 1377 755 1426 Gbartas
767 1377 798 1422 in
810 1375 920 1434 provin-

281 1439 332 1484 ciis
348 1439 474 1486 omnibns
483 1439 574 1502 Requi
586 1437 694 1498 Anqliee
703 1437 736 1484 de
749 1435 920 1486 libertatibus

280 1499 405 1560 Forcstss,
420 1503 462 1562 (ut
476 1501 603 1548 Parisios
626 1501 651 1544 et
669 1497 771 1546 Florile
791 1513 824 1544 us
846 1497 919 1556 refe-

280 1559 359 1622 runt)
371 1563 417 1608 scd
437 1561 530 1608 etalii
556 1559 666 1616 liabent,
683 1559 717 1604 de
747 1511 919 1606 libertatibus

281 1621 365 1670 etiam
389 1623 497 1682 Meque
522 1619 650 1676 Charta:
671 1619 762 1678 factes
784 1619 919 1680 siquidem

280 1695 327 1730 ees
350 1683 512 1742 crimina-ns,
530 1681 598 1728 euin
617 1679 665 1726 sub
682 1681 770 1728 tutele
783 1681 827 1742 ipe
839 1689 917 1742 esset,

280 1749 306 1792 et
320 1745 413 1804 Siqilli
423 1745 467 1792 sui
476 1757 534 1790 uon
548 1747 608 1788 tum
623 1753 738 1802 compos.

312 1807 454 1854 Frendent
470 1805 602 1860 Berones,
627 1801 778 1862 paucisque
800 1803 918 1864 interpo-

281 1865 342 1916 sitis
356 1867 461 1922 diebus,
475 1865 574 1922 Reqem
595 1863 738 1922 adeuntes,
753 1865 919 1914 Gbertaruui

279 1925 545 1986 redinteqretionem
555 1925 742 1984 espcraniiiiis
750 1929 919 1976 contendunt

277 1987 445 2050 pertinacia.
470 1985 528 2032 Reti
559 1983 757 2046 blandiloquiis
791 1991 843 2036 bac
866 1989 919 2038 vice

281 2051 384 2106 linitos,
396 2047 426 2092 in
441 2045 599 2094 ulteriorem
611 2047 702 2108 rejicit
715 2051 919 2110 tetiipestetem,·

281 2109 429 2170 sopitisque
453 2107 548 2166 tonqes
575 2109 687 2156 tandem
704 2117 765 2168 post
792 2111 920 2172 embaqes

280 2171 353 2232 (cuin
368 2169 400 2216 in
415 2167 488 2224 eliis,
510 2173 568 2216 tum
597 2167 629 2216 in
646 2171 827 2220 Perlamento
850 2173 919 2222 anni

281 2229 390 2290 sui18.)
404 2229 654 2288 disceptationibus,
677 2237 772 2290 sponte
784 2239 810 2282 et
825 2247 920 2282 sereno

281 2291 360 2338 vultu
400 2289 430 2336 in
463 2291 643 2338 Partemeiito
682 2293 919 2342 Westmouesteri'i

281 2365 358 2402 enno
372 2365 421 2398 suo
434 2351 473 2400 it.
494 2351 572 2400 Boiu.
588 2351 657 2402 1237.
674 2355 841 2402 tricesimam
857 2369 919 2416 per·

283 2419 336 2462 tem
359 2413 492 2460 bonorum
510 2413 582 2462 Cleri
606 2419 690 2472 atque
710 2417 810 2476 populi
832 2431 919 2478 recep-

283 2481 375 2534 turus,
391 2475 528 2522 libertates
552 2475 685 2534 reddidit,
701 2477 827 2524 sanctius
853 2477 918 2526 inde

282 2537 474 2584 observandas.
490 2537 567 2594 Quod
579 2543 610 2582 ut
631 2543 701 2584 certo
715 2537 792 2596 foret.
809 2543 919 2588 senten-

283 2597 352 2644 tiam
361 2611 446 2658 quam
456 2597 486 2644 in
497 2597 639 2646 violatores
651 2597 806 2660 aliquando
817 2601 920 2648 tulerat

283 2657 303 2704 S
306 2659 672 2720 tephanusArcbiepi'scopus
682 2659 918 2718 cantuariensem

281 2719 408 2766 omuibus
420 2719 562 2782 Episcopis
575 2721 690 2780 Anqtiae‚
704 2735 721 2768 a
734 2735 790 2782 qne
805 2735 854 2768 ncc
871 2721 919 2768 im·

281 2777 377 2828 munis
391 2777 449 2840 ipse
473 2781 633 2838 babebatur,
646 2781 709 2842 fecit
735 2781 874 2830 renovari.
884 2783 920 2830 ln

282 2841 514 2890 abundantiorem
541 2843 626 2890 etiem
650 2843 836 2900 securitatem,
851 2857 919 2890 novo

281 2901 498 2962 confirmationis
519 2903 663 2964 diplomati
689 2905 762 2950 benc
787 2903 919 2964 impinuit

281 2963 452 3010 clausulam:
473 2963 534 3012 Non
550 2965 674 3012 obstante.
692 2965 762 3024 quod
783 2965 919 3026 predictae

283 3023 390 3070 Citartae
413 3025 581 3084 (libertatum
594 3031 620 3072 et
643 3025 768 3088 Forestae)
793 3025 920 3084 confecta

281 3083 398 3144 fuerint,
415 3101 476 3132 cum
487 3083 603 3134 minoris
614 3099 732 3132 essemus
747 3085 845 3134 aetatis.

317 3145 408 3194 Tarde
423 3147 464 3194 vel
479 3147 522 3194 bis
545 3147 636 3194 adbuc
658 3145 733 3206 fides,
752 3149 814 3194 Non
827 3147 919 3206 elapso

281 3205 369 3266 iqitur
383 3211 435 3254 toto
463 3209 610 3268 septennio,
621 3207 744 3254 Berones
767 3209 799 3254 in
818 3207 919 3254 Parla-

281 3273 375 3316 mento
389 3269 560 3314 Loudinensi
569 3269 727 3316 ennoDoiu.
742 3269 920 3330 1244.Reqein

281 3327 396 3376 sollicite
420 3329 591 3376 obtestentur
607 3333 639 3376 ut
653 3333 747 3388 emptae
759 3329 919 3388 redemptri-

283 3403 334 3450 que
348 3389 486 3438 libertates
501 3403 557 3438 non
572 3391 657 3438 solum
673 3391 855 3446 obser-ventur,
872 3391 919 3438 sed

283 3457 309 3498 et
322 3463 393 3498 nova
405 3451 620 3512 confirmationis
635 3449 739 3498 Gberta
755 3451 826 3512 (quse
837 3463 921 3512 super

284 3513 338 3562 beec
348 3513 496 3574 specialem
521 3513 609 3572 faciet
636 3511 814 3576 mentionem)
830 3513 920 3560 denuo

282 3573 453 3624 roborentur.
476 3575 581 3622 Novam
601 3575 710 3634 puriter
732 3573 920 3622 eecommuni-

284 3635 401 3684 catiouis
416 3637 584 3684 sententiam
601 3637 631 3682 in
649 3649 691 3684 eos
706 3635 918 3698 projiciendam,

284 3695 333 3758 qui
347 3711 484 3746 concessus
502 3699 639 3746 libertates
654 3697 696 3744 vel
710 3695 919 3818 iirlipnquerent⁵

284 3759 325 3806 vel
339 3757 525 3818 impedirent:
548 3761 585 3806 Et
608 3763 640 3806 ut
659 3759 714 3806 illis
757 3763 813 3806 eret
827 3771 920 3806 einen-

284 3817 370 3878 datio,
400 3819 447 3878 qui
470 3825 531 3878 post
560 3819 688 3866 ultimam
721 3819 921 3868 concessionem

284 3881 420 3926 damnum
437 3881 631 3928 sustinuerant
644 3881 672 3926 in
686 3881 856 3928 libertatibus
869 3893 921 3926 vio·

284 3939 360 3988 latis.
381 3941 484 3988 Praeter
498 3941 560 3992 baec.
572 3955 606 3990 ue
630 3941 798 3990 sacramenti
813 3957 829 3990 a
849 3941 921 4004 Reqe

281 4003 437 4064 populoque
457 4001 575 4060 prestiti
595 4003 626 4050 ob
649 4003 807 4052 libertatum
830 4005 919 4052 obser-

284 4063 420 4122 vantiam,
438 4063 677 4126 anathematisque
698 4077 714 4112 e
728 4065 756 4112 S.
771 4065 921 4114 Edmundo

281 4127 344 4188 jem
359 4123 556 4174 Guntuariensi
570 4125 778 4188 Arctiiepiscopo
792 4127 824 4172 iu
838 4127 920 4174 viola·

285 4193 357 4236 tores
380 4183 559 4246 promulqeti,
584 4187 740 4246 periculum
768 4187 800 4236 de
826 4193 920 4236 caetero

284 4247 481 4302 incurreretur,
508 4243 634 4292 obnixius
654 4247 756 4308 Reqem
782 4255 873 4310 orent,
889 4253 920 4294 ut

284 4311 320 4358 de
336 4307 473 4356 communi
501 4319 615 4354 assensu
643 4315 762 4368 quatuor
779 4309 921 4372 eliqantur

282 4373 407 4432 potentes
422 4373 447 4418 et
457 4367 558 4416 nobiles
572 4367 603 4416 de
617 4367 820 4418 discretioribus
839 4373 920 4420 totius

285 4433 385 4496 Requi,
401 4433 447 4492 qui
468 4429 524 4478 siut
550 4431 583 4478 de
605 4429 723 4478 Consilio
736 4433 814 4480 Bam.
828 4433 918 4496 Reqis,

283 4499 309 4542 et
328 4493 431 4556 jurati,
446 4493 501 4540 lieec
521 4495 547 4538 et
562 4491 619 4538 elia
633 4493 721 4538 multa
741 4493 834 4556 Reqno
849 4509 919 4542 cosin-

284 4555 445 4604 modissima
458 4555 603 4616 (tanquam
620 4553 731 4600 Tribuni
742 4555 840 4618 plebis)
855 4571 920 4616 eqe-

283 4621 348 4664 reut
362 4621 388 4666 et
402 4619 539 4664 curarent.
561 4615 619 4662 Rea
635 4619 718 4676 neqet
742 4617 846 4674 omnia,
861 4625 919 4666 sta-

284 4677 388 4748 timque
405 4677 436 4724 in
460 4675 577 4726 Forestis
593 4675 682 4724 multe
700 4677 846 4738 exequitur
858 4693 919 4740 qra-

282 4751 406 4786 vessima.

315 4799 392 4848 Nove
404 4805 497 4848 autem
504 4811 616 4860 pressus
630 4805 756 4862 eqestete,
771 4799 802 4846 iu
817 4799 918 4848 Perle-

283 4867 375 4910 mento
389 4861 524 4910 Londouii
536 4875 601 4910 ann.
611 4861 687 4908 Boiu.
699 4859 768 4910 1253.
782 4863 861 4922 requi
876 4863 920 4910 sui

284 4921 323 4970 37.
336 4925 375 4970 ed
393 4937 492 4970 novein
518 4921 622 4970 accedit
641 4921 806 4982 pactionem.
825 4923 918 4982 Conse-

284 4983 410 5032 reutibus
422 4985 478 5032 scil.
492 4985 523 5030 in
546 4983 677 5030 viaticum
692 4997 771 5030 suuni
794 4983 918 5032 Hieroso-

286 5041 453 5104 lqrnitenum
477 5045 553 5092 Clero
585 5045 751 5092 triennalem
774 5045 918 5108 decimam,

284 5105 426 5164 Militibus,
449 5105 611 5168 Scutaqiitm
637 5107 719 5154 trium
742 5121 919 5154 altercatum:

284 5165 356 5236 bona
379 5167 434 5226 lide
449 5175 473 5216 et
488 5169 547 5216 sine
569 5169 663 5228 alique
675 5167 849 5218 cavillatione
858 5183 918 5230 pro-

284 5229 361 5276 misit
374 5243 401 5276 se
416 5231 546 5278 Clictrtaiii
562 5231 702 5292 Meqtiem,
719 5237 743 5278 et
756 5245 848 5280 omues
860 5231 919 5292 ejits

285 5289 417 5338 articulos
456 5291 669 5340 observaturum.
712 5293 798 5342 Tertio
834 5291 920 5354 iqitur

286 5349 365 5408 Maii,
398 5353 570 5412 presentibus
605 5355 685 5416 Reqe,
723 5355 872 5404 Comitibus
895 5359 920 5402 et

285 5409 448 5474 Beronibus,
473 5413 636 5472 Bonifacius
658 5429 743 5462 noetis
768 5417 920 5478 Arcbiepis·

286 5485 368 5532 copus
388 5473 521 5522 Gentuar.
536 5477 677 5538 ceterique
690 5475 819 5540 Episcopi
831 5477 919 5540 ponti-

286 5531 409 5592 ficalibus
447 5533 549 5596 induti,
579 5541 606 5584 et
638 5549 767 5588 accensus
803 5539 921 5598 ferentes

1247 239 1325 302 CHA

970 397 1100 446 candelas
1119 401 1148 444 in
1163 397 1263 458 niaq'vri
1276 395 1350 442 Aula
1366 393 1605 450 il‘estmonesterii,

971 459 1279 506 encommitiiicationeni
1328 467 1389 500 cum
1430 455 1607 502 enetbeiuete

969 521 1071 580 (forino
1085 519 1205 566 tiioaiiue
1217 515 1335 572 solenni,
1343 527 1428 574 quam
1440 515 1521 560 babes
1531 515 1607 576 apud

970 581 1113 628 Parisiuiu
1137 581 1168 624 in
1197 579 1244 624 boc
1271 577 1355 636 atino)
1382 575 1557 636 projecerunt
1577 577 1607 622 in

971 645 1185 700 trausqrcssores
1205 635 1470 692 Ecclesiasticerum,
1487 641 1513 682 et
1526 637 1606 684 libcr-

971 705 1061 748 tetum
1096 711 1143 744 seu
1181 697 1332 744 liberorum
1373 697 1605 746 consuetudinum

971 761 1059 820 Requi
1086 755 1205 818 Auqtie,
1226 763 1253 804 et
1268 755 1406 818 precipue
1428 771 1527 806 eorum
1547 773 1607 818 quie

971 821 1149 868 continentur
1159 819 1190 866 in
1200 819 1303 866 Clierta
1319 821 1478 868 libertatum
1490 821 1606 884 Anqliae,

971 883 996 930 et
1011 881 1114 928 Gtiarta
1128 881 1161 928 de
1175 881 1296 940 Foreste,
1313 887 1360 930 etc.

1001 941 1056 990 Nec
1079 947 1188 990 teuta-in
1208 941 1239 990 in
1257 949 1472 1004 transqressores
1493 943 1604 1004 liquido,

970 1003 1018 1052 secl
1041 1005 1071 1050 in
1091 1017 1133 1050 eos
1153 1005 1261 1064 puriter
1275 1005 1323 1064 qui
1343 1007 1526 1066 qualicunque
1547 1013 1605 1054 arte

969 1063 1012 1112 vel
1028 1061 1140 1128 inqeni'o
1157 1071 1257 1112 temere
1277 1067 1449 1126 violaverint,
1472 1067 1605 1114 diiiiiuue·

969 1123 1038 1182 rint,
1056 1141 1102 1172 seu
1115 1127 1332 1184 imiiiuteveriut,
1352 1127 1424 1174 clem
1442 1127 1482 1176 vel
1499 1129 1604 1188 polein,

970 1185 1051 1244 facto,
1065 1187 1151 1244 verbo,
1170 1187 1211 1236 vel
1229 1187 1349 1244 consilio,
1365 1195 1462 1236 contre
1481 1189 1546 1236 i'lles
1565 1187 1606 1236 vel

970 1259 1067 1296 eorum
1088 1247 1212 1310 aliquem
1244 1249 1273 1296 in
1307 1263 1468 1310 quocunque
1490 1249 1606 1296 articulo

970 1307 1113 1358 veniendo.
1130 1309 1199 1358 Item
1212 1307 1244 1356 in
1268 1311 1329 1358 illos
1355 1311 1402 1370 qui
1424 1311 1605 1370 coiitraillas,

971 1371 1011 1418 vel
1026 1385 1123 1418 earitm
1142 1375 1255 1428 statute,
1281 1371 1378 1430 aliqua
1401 1371 1549 1430 ediderint,
1566 1373 1605 1420 vel

970 1433 1043 1480 edita
1075 1433 1255 1490 seruauerint,
1280 1433 1491 1480 consuetudines
1518 1433 1605 1480 intro·

970 1493 1111 1550 deberint,
1148 1493 1187 1542 vel
1223 1493 1393 1542 servaverint
1424 1493 1604 1550 introductas,

969 1555 1114 1616 scriptores
1136 1561 1309 1610 statutorum,
1333 1567 1457 1602 necnon
1475 1555 1605 1604 consilie-

969 1615 1023 1664 rios
1042 1621 1068 1664 et
1090 1619 1256 1674 assecutores,
1274 1619 1300 1664 et
1328 1617 1375 1676 qni
1397 1617 1547 1664 secuudum
1573 1629 1605 1664 ea

969 1675 1197 1738 presumpserint
1221 1679 1362 1740 judicare,
1394 1685 1443 1726 etc.
1474 1677 1554 1724 Dicta
1580 1681 1606 1726 et

966 1741 1145 1802 promulqete
1166 1739 1260 1788 omnia
1291 1739 1388 1802 siqi'ltis
1413 1739 1580 1788 roborabant
1597 1753 1605 1786 .·

968 1803 1131 1864 prolataque
1144 1807 1183 1850 est
1202 1803 1231 1848 in
1255 1803 1378 1850 mediani
1399 1801 1502 1848 Clearta
1525 1801 1606 1862 Reqis

969 1865 1095 1926 loannis,
1113 1877 1168 1926 qua
1185 1865 1361 1926 supradictas
1379 1863 1517 1912 libertates
1529 1877 1606 1910 mera

969 1927 1110 1974 voluntate
1125 1927 1293 1986 reconcessit,
1310 1931 1335 1974 et
1355 1925 1421 1974 inde
1441 1925 1552 1972 recitari
1565 1925 1605 1984 fe-

970 1993 1068 2036 cerunt
1095 1989 1205 2036 easdem
1240 1987 1388 2036 libertates.
1418 1987 1490 2034 Beni
1514 1991 1606 2034 utitem

969 2051 1106 2096 Henricus
1118 2051 1364 2098 Renntemoretem
1373 2047 1539 2096 sententie-m
1556 2063 1605 2096 eu-

970 2111 1070 2172 diebet,
1094 2113 1182 2158 tenuit
1209 2123 1324 2158 inanum
1349 2123 1431 2158 suem
1454 2109 1491 2156 ad
1509 2117 1606 2170 pectus

970 2185 1050 2218 suum
1066 2185 1161 2220 sereno
1173 2173 1252 2220 svuttu
1265 2177 1347 2230 etque
1370 2171 1466 2218 alacri.
1489 2171 1526 2218 Et
1545 2185 1606 2216 cuin

967 2233 1092 2292 perlecta
1126 2239 1193 2280 esset
1228 2233 1347 2288 demum,
1376 2231 1607 2292 projecissentque

970 2295 1101 2342 candelas
1114 2293 1250 2340 eetinctes
1262 2299 1286 2340 et
1301 2291 1476 2354 fumiqentes,
1490 2297 1516 2340 et
1533 2291 1605 2340 dicc-

970 2361 1047 2402 retur
1073 2367 1089 2400 e
1109 2351 1229 2414 sinqulis
1252 2367 1261 2400 :
1286 2353 1338 2402 Sia
1355 2353 1606 2412 extingbantbtet

971 2417 1092 2464 foetebat
1113 2415 1200 2476 bajas
1224 2415 1376 2464 sententiae
1399 2415 1563 2462 incursores
1576 2415 1605 2460 in

970 2477 1083 2524 interno
1107 2491 1112 2534 3
1139 2481 1164 2522 et
1190 2487 1333 2536 campanie
1351 2475 1541 2534 pulsarentur,
1566 2473 1608 2534 (ut

970 2537 1176 2598 applauderent
1196 2537 1313 2600 sinquli)
1339 2537 1409 2584 discit
1435 2537 1492 2596 ipse
1518 2535 1576 2584 Res
1597 2549 1605 2582 :

971 2599 1017 2648 Sic
1028 2611 1073 2648 me
1086 2599 1298 2660 Domitianos,
1313 2599 1374 2648 haec
1383 2599 1481 2646 omnia
1493 2595 1607 2646 illibate

971 2657 1089 2708 servabo
1103 2659 1235 2716 fideliter,
1250 2659 1326 2708 sicut
1338 2671 1403 2708 sani
1417 2659 1511 2716 homo,
1531 2659 1607 2708 sicut

971 2731 1035 2768 sam
1049 2719 1242 2778 Christianus
1268 2721 1344 2768 sicut
1370 2731 1434 2768 sam
1465 2721 1558 2774 Miles,
1579 2719 1607 2768 et

970 2781 1046 2830 sicut
1061 2791 1125 2828 sam
1141 2783 1201 2828 Rex
1224 2785 1380 2830 coronatus
1403 2783 1432 2828 et
1456 2781 1604 2828 inunctas.

969 2843 1032 2890 Haec
1042 2839 1101 2902 (qui
1114 2841 1208 2902 plura)
1216 2841 1353 2888 Perisius.
1371 2841 1435 2888 Post
1447 2843 1503 2888 baec
1513 2841 1607 2888 omnia

969 2903 1085 2950 Romam
1098 2901 1220 2948 mittitur
1232 2903 1269 2950 ad
1281 2901 1473 2950 Innocentium
1490 2901 1539 2948 IV.
1553 2903 1606 2950 Ro-

968 2965 1050 3022 qetus
1065 2961 1111 3010 ille
1130 2963 1218 3010 letum
1227 2963 1378 3010 anatbcme
1389 2963 1473 3010 Bulla
1488 2963 1605 3020 roboret,

970 3029 996 3070 et
1011 3023 1042 3070 de
1055 3037 1103 3070 suo
1119 3023 1252 3082 quiddam
1266 3023 1363 3084 adjicit
1376 3023 1407 3070 in
1419 3029 1559 3072 terrorem.

1001 3083 1057 3132 Sub
1074 3083 1133 3130 'sole
1163 3085 1233 3132 nibil
1260 3083 1367 3132 stabile.
1393 3083 1475 3132 Aiiuo
1507 3085 1607 3146 quippe

967 3143 1100 3206 prouimo,
1117 3143 1185 3202 Rea,
1201 3145 1267 3194 dum
1281 3145 1374 3192 iubiat
1385 3145 1545 3206 colliqeudis
1559 3145 1607 3192 de-

970 3203 1057 3260 cimis,
1073 3219 1133 3266 quae
1145 3205 1193 3252 sub
1211 3203 1369 3254 conditione
1388 3207 1420 3254 de
1440 3207 1606 3254 Cbartarum

969 3265 1140 3314 observande
1151 3267 1327 3314 immunitate
1341 3281 1470 3314 concessa
1482 3269 1607 3328 fuerent,

970 3325 1081 3374 consilio
1094 3325 1242 3386 impiorum
1256 3327 1393 3374 libertates
1409 3333 1533 3386 tertiaret,
1550 3341 1604 3374 cre·

970 3389 1047 3444 deas,
1066 3387 1158 3448 inquit
1175 3387 1329 3446 Mattbieus,
1348 3401 1399 3448 pro
1423 3401 1537 3436 munere
1559 3389 1606 3434 eb-

970 3449 1035 3496 sotvi
1050 3463 1067 3496 e
1080 3449 1305 3510 transqressioue.
1316 3449 1371 3496 Nec
1382 3461 1443 3506 spes
1455 3449 1506 3496 ille
1523 3461 1605 3506 vane,

970 3523 1032 3556 cuin
1046 3523 1074 3558 se
1088 3515 1113 3558 et
1136 3509 1262 3572 Requum
1281 3511 1329 3558 sub
1352 3523 1437 3570 poene
1454 3511 1607 3558 euliaerede-

971 3569 1053 3618 tionis
1070 3569 1153 3632 (quod
1168 3585 1224 3618 non
1243 3573 1345 3634 potuit)
1368 3571 1452 3632 Papa
1476 3571 1607 3632 obliqoret

971 3633 1007 3680 ed
1030 3631 1154 3692 pecuniis
1180 3633 1350 3690 solutionem,
1376 3647 1456 3694 quem
1480 3633 1510 3680 in
1540 3635 1607 3682 bello

971 3693 1063 3740 Siculo
1075 3693 1145 3752 foret
1154 3707 1332 3754 eepensurus,
1349 3707 1434 3742 cause
1446 3707 1506 3742 sua.

1001 3755 1045 3802 Ad
1059 3753 1190 3802 mortalia
1202 3761 1295 3802 eutem
1310 3767 1389 3802 arina
1402 3769 1458 3802 non
1470 3753 1606 3802 concurri·

971 3817 1017 3862 tur
1027 3829 1035 3860 .·
1049 3815 1096 3864 sed
1107 3829 1182 3862 auno
1191 3815 1260 3864 1255.
1274 3815 1356 3876 Reqis
1367 3815 1405 3864 30.
1421 3817 1607 3864 acclamatum

970 3881 1009 3924 est
1022 3875 1054 3924 in
1070 3875 1257 3932 Comitetibus,
1276 3877 1406 3938 Sqiiodi's,
1421 3875 1559 3936 Ecclesiis,
1581 3883 1607 3926 et

969 3937 1127 3998 ubicunque
1164 3939 1284 3986 locorum
1323 3939 1445 3986 bomines
1476 3953 1606 3986 convene-

970 4005 1045 4060 rant,
1061 4005 1092 4046 ut
1106 3999 1210 4060 Meque
1223 3999 1337 4058 Gbarta,
1357 4013 1440 4060 quain
1451 4001 1509 4048 Rea
1520 3999 1605 4048 Joen-

969 4073 1018 4110 nes
1034 4061 1173 4118 concessit,
1190 4067 1214 4108 et
1227 4061 1286 4108 Rea
1301 4061 1351 4108 iste
1370 4073 1489 4120 presens
1504 4061 1605 4108 inulto·

971 4123 1020 4170 ties
1043 4121 1212 4178 reconccssit.
1239 4121 1436 4170 inviolabiliter
1457 4125 1607 4170 tueretur:

970 4189 996 4232 et
1009 4183 1067 4232 leta
1085 4189 1125 4230 est
1144 4181 1292 4244 sententie,
1321 4183 1397 4232 toties
1419 4181 1548 4244 repetite,
1574 4181 1607 4230 iu

970 4259 1064 4292 omnes
1076 4243 1199 4306 ejusdem
1211 4243 1366 4292 violatores.

1002 4307 1133 4366 Sequenti
1153 4307 1235 4354 etiani
1259 4319 1334 4354 euno
1358 4319 1441 4366 paena
1469 4305 1607 4368 borribilis

971 4367 1157 4418 enetbematis
1169 4367 1200 4414 iu
1212 4367 1384 4416 Loiidineiisi
1400 4367 1510 4430 Sqiiocio
1530 4367 1606 4428 prio-

970 4429 1046 4478 ribus
1062 4429 1239 4490 odjunqitur,
1259 4427 1443 4490 statuiturque
1468 4427 1607 4478 libertates

969 4493 1018 4542 sub
1044 4491 1168 4554 ejusdem
1187 4491 1310 4552 periculo
1338 4491 1550 4538 conservandas.
1569 4491 1606 4538 Et

969 4571 1005 4604 ne
1018 4555 1084 4616 quid
1095 4559 1230 4616 praterea
1243 4551 1422 4612 desideretur,
1434 4557 1606 4600 accesserunt

967 4617 1118 4678 paulopost
1129 4615 1189 4662 diiii
1201 4613 1283 4662 simul
1292 4613 1379 4662 Bullie
1390 4613 1548 4662 Aleaandri
1556 4613 1603 4664 IV.

969 4679 1005 4726 ad
1026 4679 1194 4726 Cbartaruni
1213 4675 1468 4736 sententiarumque
1494 4675 1605 4724 robore·

969 4741 1079 4788 tionem.

1001 4803 1059 4850 Rev
1071 4815 1119 4850 seu
1133 4801 1194 4850 telis
1215 4799 1300 4848 victus
1319 4799 1454 4860 Ecclesia,
1473 4813 1519 4848 seu
1535 4799 1606 4862 quoii

969 4863 1093 4910 Berones
1109 4869 1204 4910 mutuo
1219 4861 1374 4910 euliibentes
1389 4863 1509 4910 deutrus.
1523 4863 1537 4922 j
1542 4875 1605 4910 nra-

969 4931 1076 4982 verunt,
1099 4925 1173 4986 quod
1193 4937 1248 4970 non
1264 4923 1421 4970 omitterent
1436 4925 1606 4984 propositum

966 4985 1093 5046 persequi
1106 4999 1155 5046 pro
1168 4985 1292 5046 pecuniae
1308 4985 1347 5032 rel
1364 4989 1503 5032 terrarum
1521 4985 1605 5032 utius-

969 5045 1053 5102 sione,
1069 5049 1110 5096 vel
1127 5045 1210 5096 etiem
1225 5059 1275 5108 pro
1299 5043 1354 5094 vita
1373 5051 1399 5094 et
1418 5051 1504 5094 morte
1517 5059 1567 5094 sue
1580 5053 1605 5094 et

970 5121 1097 5166 suoruin,·
1113 5109 1142 5156 iu
1157 5109 1337 5158 Perlemento
1353 5107 1450 5156 Ouonii
1466 5123 1512 5156 en.
1527 5109 1604 5156 Doni.

969 5169 1038 5218 tiss.
1061 5171 1140 5230 requi
1162 5171 1199 5218 sb.
1230 5171 1313 5220 semel
1336 5169 1446 5228 iteruin,
1473 5169 1519 5218 scd
1544 5171 1606 5232 jam

969 5231 1130 5278 etieincum
1151 5231 1302 5280 Edouerdo
1329 5231 1386 5292 tilio
1410 5247 1467 5290 suo,
1494 5231 1605 5278 Gliuite-

969 5305 1031 5338 rum
1043 5291 1124 5352 juret
1138 5293 1349 5352 absentantium,
1375 5299 1400 5340 ct
1423 5293 1461 5342 bt.
1479 5293 1605 5354 pruden-

971 5353 1039 5400 tium
1054 5353 1174 5400 uirorum
1187 5357 1311 5402 nationis
1334 5357 1505 5414 triplicesue,
1527 5355 1604 5414 ,stiam

970 5413 1002 5460 eb
1030 5411 1194 5474 alieniqenis
1214 5417 1292 5476 pessi
1309 5417 1386 5464 modo
1408 5421 1473 5462 sunt
1499 5415 1604 5474 qrevis-

969 5473 1050 5536 sima)
1064 5489 1129 5536 quos
1141 5475 1190 5522 sub
1212 5477 1271 5536 ipso
1290 5479 1326 5524 ad
1339 5477 1419 5536 requi
1433 5477 1605 5538 qubernatio·

970 5549 1033 5584 nem
1049 5537 1190 5596 eliqerent,
1205 5539 1354 5586 consiliose
1367 5537 1572 5588 continenda-rit.

1926 229 2004 294 ctis
2231 237 2296 302 295

1688 393 1749 440 Non
1764 391 1857 450 elapso
1872 393 1964 436 autem
1974 389 2092 450 biennio,
2116 391 2175 438 Rea
2189 395 2222 440 ab
2245 395 2295 444 Ur.

1657 453 1727 502 bano
1738 451 1818 512 Papa
1823 449 1980 510 juramenti
1991 449 2098 510 potitur
2108 451 2278 506 absolutione
2290 475 2295 506 :

1657 513 1893 568 necsut'tantutu,
1912 511 1959 558 scd
1983 517 2007 556 et
2026 509 2088 572 tilii,
2111 525 2193 572 quam
2216 513 2296 562 Prin·

1657 589 1717 638 ceps
1730 575 1848 634 optimus
1863 571 1994 632 adeptum
2008 573 2123 632 speruit.
2141 573 2296 622 Mittuntur

1652 637 1712 698 jein
1730 635 1919 696 Hertfordiain
1934 647 1966 682 ee
1978 635 2111 680 inundato
2130 633 2213 694 Reqis
2237 635 2295 682 Jus-

1657 697 1757 744 titiarii
1780 697 1954 752 itinerantes,
1983 703 2079 742 contre
2108 695 2229 754 fornicei
2257 701 2298 754 (ut

1657 757 1801 818 asseritur)
1817 757 1955 804 dictarunt
1974 755 2163 818 provisionum
2189 755 2297 812 (leonii,

1657 821 1851 882 repudietique
1877 819 1937 868 ideo
1962 833 1979 866 e
2007 817 2157 878 tiieq'oribus
2178 815 2295 866 iliarum

1654 881 1780 942 partium
1794 881 1865 928 cessi
1878 881 2030 930 redierunt.

1688 941 1926 992 Succrescentibus
1947 957 2009 992 vero
2021 941 2099 990 novis
2112 939 2143 988 iu
2159 937 2217 988 dies
2235 953 2299 1000 qra-

1655 1005 1812 1052 numinibus
1825 1019 1859 1052 eto
1880 1005 2113 1066 alieniqenuruni,
2140 1003 2187 1064 qui
2214 999 2296 1062 Reqis

1656 1077 1737 1132 aures
1758 1071 1840 1128 atque
1863 1067 1937 1114 letus
1962 1065 2148 1122 occludebent,
2176 1063 2292 1110 insolen-

1657 1125 1711 1184 tiis,
1737 1127 1867 1174 Proccres
1897 1141 1951 1182 eas,
1985 1127 2205 1186 Clutrteruiuque
2236 1137 2293 1172 iiiia

1655 1185 1815 1234 violationes
1840 1193 1968 1236 statuunt
1992 1189 2102 1236 demunt
2131 1187 2157 1232 ai
2180 1199 2295 1244 compes-

1655 1259 1722 1294 cere.
1736 1247 1935 1296 Accendantur
1946 1263 2008 1310 erqo
2029 1247 2091 1298 belli
2112 1249 2186 1308 feces
2201 1259 2295 1294 cinien-

1656 1307 1764 1356 tissimi.
1781 1309 1863 1356 Cadit
1881 1313 2010 1370 utrinque
2022 1311 2121 1372 inqens
2135 1307 2294 1366 multitudo,

1656 1369 1860 1430 rapianturque
1874 1383 1941 1418 ann.
1957 1373 2025 1420 titt.
2046 1373 2077 1418 iii
2089 1371 2211 1420 Leivensi
2222 1383 2294 1432 prie-

1657 1427 1692 1478 tio
1703 1437 1815 1478 strenue
1827 1431 1991 1480 dimicantes
2006 1433 2065 1482 Reic
2077 1439 2102 1480 et
2126 1433 2208 1494 tilius.
2237 1429 2294 1480 Sed

1657 1505 1734 1538 versa
1748 1493 1820 1538 brein
1838 1505 1932 1540 rerum
1946 1495 2016 1550 elea,
2036 1493 2112 1554 tilius
2132 1509 2149 1542 a
2171 1493 2292 1542 custodi-

1656 1553 1704 1598 bus
1721 1553 1840 1612 elapsus,
1859 1567 1892 1600 ee
1916 1553 2059 1612 improviso
2084 1557 2186 1604 bostem
2212 1555 2291 1602 nouis

1655 1613 1738 1674 copiis
1757 1613 1891 1672 adoritur,
1905 1613 2064 1676 insiqnique
2081 1615 2156 1664 clude
2168 1615 2292 1664 Evesba-

1655 1673 1716 1724 miae
1724 1675 1856 1736 fundens,
1865 1689 1921 1722 non
1929 1677 2015 1722 sol-uui
2022 1681 2139 1736 petrem.
2151 1677 2233 1726 sedet
2242 1677 2291 1726 Re·

1654 1737 1730 1798 qiam
1745 1737 1910 1798 diquitateni
1930 1735 2056 1784 liberavit
2067 1751 2114 1784 en.
2128 1739 2205 1786 Boin.
2220 1739 2289 1788 titos.

1687 1799 1785 1848 Actum
1798 1799 1860 1860 jain
1871 1797 1980 1844 videtur
1995 1799 2027 1844 cle
2040 1797 2208 1846 libertatibus
2223 1813 2233 1856 ,·
2246 1799 2294 1848 secl

1655 1861 1754 1908 eccelis
1776 1875 1835 1910 ecce
1857 1859 2072 1908 misericordiam
2099 1859 2223 1916 Domini,
2245 1861 2293 1922 qui

1655 1921 1819 1982 Principum
1846 1923 1929 1968 corda
1955 1937 2004 1970 nec
2029 1921 2103 1980 ferro
2132 1923 2292 1978 coercenda,

1655 1997 1705 2032 nec
1715 1983 1877 2032 iiiortelibus
1887 1981 2042 2036 industriis,
2053 1981 2184 2028 levissimo
2192 1981 2295 2042 afflatu

1655 2045 1755 2108 subiqit
1777 2049 1803 2094 et
1831 2045 1941 2092 emollit.
1969 2043 2070 2090 Pressa
2090 2047 2151 2102 post
2174 2043 2295 2092 imbelles

1656 2107 1886 2170 aliquotconetus
1905 2105 2016 2166 relique
2039 2105 2181 2152 Beronum
2202 2111 2293 2166 parte,

1656 2169 1714 2216 Reii
1750 2169 1779 2216 in
1811 2167 1992 2216 Partemcnto
2027 2165 2211 2228 Merlebridqe
2246 2181 2293 2216 aa.

1656 2231 1733 2276 Dom.
1753 2231 1822 2278 teet.
1850 2229 1929 2290 requi
1952 2229 1992 2276 52.
2012 2239 2072 2288 cap.
2099 2231 2122 2276 b.
2147 2233 2295 2288 utramque

1657 2289 1801 2348 Gbarteni,
1826 2289 1858 2336 in
1885 2289 2001 2350 sinqulis
2027 2295 2085 2336 tani
2114 2289 2150 2336 ed
2180 2289 2293 2348 Reqem,

1673 2363 1739 2398 uem
1754 2351 1789 2396 ed
1809 2351 1949 2398 subditum
1968 2347 2174 2410 pertinentibus
2198 2355 2294 2398 tenea-

1655 2365 1722 2458 bein
1737 2411 1844 2468 statuit,
1857 2411 2010 2470 Breviaque
2025 2411 2111 2472 Reqie
2128 2411 2217 2472 qratis
2231 2425 2295 2460 con-

1657 2471 1714 2520 cedi
1730 2473 1759 2518 in
1774 2475 2000 2534 trunsqressorcs.
2012 2471 2100 2518 Rebus
2110 2471 2141 2518 iu
2151 2473 2225 2518 bunc
2238 2487 2293 2522 mo-

1657 2533 1724 2582 dum
1743 2539 1844 2594 prater
1869 2547 1944 2594 spem
1962 2531 2123 2592 compositis,
2150 2533 2199 2580 sub
2221 2547 2296 2582 auno

1656 2595 1743 2642 altero
1753 2607 1812 2654 pau
1824 2593 1941 2642 edicitur
1953 2607 2005 2654 per
2017 2597 2103 2642 totoni
2115 2591 2256 2654 Anqliem,
2267 2601 2294 2644 et

1657 2657 1824 2702 Edouerdus
1836 2657 1968 2716 Princeps
1991 2669 2069 2702 cruce
2084 2657 2146 2716 jein
2167 2655 2295 2714 siqnetus

1658 2717 1760 2764 Hieros.
1771 2717 1964 2776 proficiscitur,
1987 2713 2219 2776 triumphatisque
2237 2717 2293 2764 bos-

1657 2777 1729 2824 tibus
1743 2777 1802 2826 Rea
1811 2777 1842 2824 in
1851 2791 1921 2838 pace
1933 2777 2058 2824 enimam
2071 2777 2163 2824 reddit
2177 2789 2245 2824 onii.
2257 2779 2292 2828 B.

1657 2837 1727 2886 tete.
1743 2839 1823 2900 requi
1838 2839 1877 2888 st.

1688 2899 1806 2948 Heniico
1849 2905 1962 2956 mortuo,
2009 2911 2170 2960 reversoque
2222 2897 2294 2960 che

1657 2961 1807 3008 Edouordo
1831 2959 1854 3008 Ι.
1885 2961 2018 3008 vacilleut
2043 2961 2127 3008 etiam
2150 2959 2295 3020 aliquoties

1658 3021 1764 3070 Gliartee
1781 3021 1948 3082 libertatum,
1962 3021 2004 3082 (ut
2013 3021 2106 3070 videre
2117 3029 2156 3068 est
2169 3021 2198 3068 in
2211 3035 2292 3080 prees-

1658 3083 1761 3130 tatione
1775 3083 1964 3130 Articulorum
1988 3095 2070 3144 super
2086 3081 2197 3142 eisdem)
2225 3095 2294 3142 quas

1656 3143 1717 3190 ideo
1746 3143 1869 3192 stabilire
1892 3145 1975 3190 uiuus
2003 3147 2043 3192 est
2071 3151 2172 3192 seterno
2198 3143 2292 3194 robore

1657 3203 1847 3264 (lastinianus
1872 3203 1974 3264 noster)
2010 3203 2084 3252 idem
2115 3203 2291 3254 Edouardus.

1658 3263 1773 3312 Resilire
1809 3263 1911 3326 quippe
1944 3265 2033 3314 nol-uit
2067 3279 2085 3314 a
2108 3271 2293 3324 sacramento,

1657 3327 1728 3386 quod
1738 3339 1799 3372 cum
1806 3333 1888 3386 patre
1901 3327 1931 3374 in
1949 3325 2096 3374 Oeouiensi
2112 3327 2294 3374 Perleinento

1657 3385 1810 3446 aliquando
1820 3387 1976 3448 juraverat,
1991 3401 2041 3434 nec
2051 3389 2158 3442 absolvi,
2173 3393 2203 3434 ut
2221 3401 2294 3446 pree-

1656 3449 1709 3506 feti
1724 3461 1827 3494 sumus.
1837 3449 1919 3496 [inno
1931 3449 2018 3508 iqitur
2027 3449 2106 3510 requi
2118 3447 2161 3494 sui
2174 3447 2212 3498 25.
2227 3449 2292 3496 dum

1656 3509 1687 3556 in
1698 3509 1723 3556 F
1723 3509 1866 3556 loedriam
1883 3511 2064 3568 transiturus,
2079 3511 2208 3558 Odiuiiriv
2234 3521 2291 3556 mo-

1656 3577 1745 3624 retur.
1755 3575 1894 3640 precepta
1912 3573 1959 3620 sub
1985 3571 2072 3634 siqillo
2096 3585 2142 3620 suo
2162 3571 2293 3620 Westmo-

1656 3631 1890 3680 nasceremini.
1918 3633 2032 3694 Aprilis,
2052 3635 2082 3680 in
2108 3647 2201 3680 omnes
2218 3633 2292 3680 misit

1656 3693 1763 3752 Anqliai
1782 3693 1934 3742 Cottiitetus
1957 3695 2124 3742 Cbarteruni
2150 3693 2292 3756 eaiqentia

1656 3755 1866 3802 observantiam.

1689 3815 1920 3864 Cotistansetiam
1936 3815 1966 3862 in
1992 3815 2136 3878 proposito,
2159 3813 2229 3862 duas
2253 3813 2292 3860 si-

1656 3877 1714 3924 mul
1727 3877 1881 3924 earundem
1893 3875 1981 3924 edidit
1997 3875 2226 3938 continuationes,
2243 3875 2292 3922 sub

1658 3937 1842 3986 testiinonium
1852 3937 1905 3998 filit
1917 3937 2218 3996 EdouardiPrincipis,
2233 3937 2292 3996 ejus

1657 4003 1722 4048 tuuc
1742 3999 1773 4046 in
1796 3999 1902 4062 Anqtia
1916 3999 2146 4054 Locuiiiteuentis,
2171 3995 2248 4056 (nem
2265 3997 2294 4044 in

1655 4059 1795 4108 Flendrie
1812 4061 1973 4110 versabatur
1985 4059 2052 4120 ipse)
2070 4059 2190 4106 Londini
2204 4059 2292 4116 dates,

1656 4123 1774 4170 alteram
1790 4121 1827 4172 10.
1847 4121 1977 4178 Octobris,
1989 4123 2107 4168 alteram
2136 4119 2193 4178 (sed
2215 4121 2293 4180 prio·

1656 4181 1726 4242 rem)
1742 4181 1778 4232 12.
1796 4181 1916 4230 Octobris
1931 4181 2001 4228 dicto
2017 4195 2100 4228 auno.
2112 4181 2145 4226 ln
2158 4181 2217 4238 lia-c,
2228 4181 2293 4228 reci-

1658 4249 1730 4290 tatas
1741 4257 1791 4304 pei·
1802 4243 1976 4304 Inspeiviiuus
1989 4243 2106 4290 Gbertes
2118 4241 2231 4290 Heurici
2240 4241 2291 4292 HI.

1653 4303 1812 4366 patrissui,
1827 4303 1971 4366 siqillatiin
1986 4317 2032 4352 eas
2045 4301 2174 4360 concedit,
2188 4303 2295 4364 bisnei,

1656 4371 1682 4414 et
1694 4367 1858 4414 corroboret.
1873 4367 1906 4412 ln
1924 4365 1983 4424 ille,
2006 4371 2136 4412 neutram
2162 4365 2295 4424 recitans,

1656 4435 1803 4490 utrumque
1820 4427 1943 4490 junctim
1965 4427 2117 4488 coufirmat,
2139 4433 2164 4474 et
2182 4441 2241 4490 quei
2256 4429 2294 4478 ad

1656 4505 1751 4540 eeruin
1775 4489 1933 4538 conducunt
1959 4489 2169 4546 observantium,
2204 4493 2293 4540 inulte

1656 4553 1776 4602 decernit
1790 4549 1946 4600 utilissima.

1685 4613 1789 4674 Primo,
1805 4613 1950 4674 quemlibet
1973 4611 2003 4658 iu
2027 4611 2125 4660 iisdem
2140 4613 2292 4664 articulum

1656 4677 1806 4724 tenendum
1826 4673 1959 4734 sanctius,
1985 4671 2188 4734 mittendasque
2206 4677 2292 4724 Cber-

1656 4741 1698 4784 tes
1713 4737 1838 4798 sinqalos
1849 4735 1896 4782 sub
1910 4733 1998 4796 siqillo
2008 4735 2101 4796 Reqio,
2117 4737 2291 4800 institionis,

1664 4797 1874 4856 Vicecomitibus,
1892 4803 1917 4846 et
1932 4797 1995 4844 aliis
2015 4799 2139 4846 omnibus
2156 4799 2292 4850 ministris

1656 4859 1746 4920 Reqis,
1770 4857 1980 4918 civitatibusque
2008 4859 2097 4920 Requi
2120 4875 2129 4918 ,·
2150 4875 2208 4908 une
2230 4877 2292 4910 curu

1655 4921 1793 4980 Brecibus,
1815 4917 2045 4982 precipientibus,
2069 4927 2100 4970 ut
2123 4937 2170 4970 ees
2190 4927 2292 4986 populo

1656 4983 1836 5038 onniintient.
1853 4991 1877 5030 et
1890 4983 1920 5028 in
1933 4983 2051 5044 sinqulis
2066 4985 2213 5034 observent.

1686 5043 1820 5094 Secundo.
1833 5043 1972 5104 judicium
1987 5051 2081 5094 contin
2105 5045 2226 5108 aliquem
2247 5061 2289 5096 ee-

1656 5105 1780 5154 ruiueleru
1797 5107 1953 5166 amiculum,
1977 5109 2034 5168 fore
2051 5107 2163 5156 irritam
2188 5115 2213 5156 et
2229 5123 2290 5156 cau·

1656 5169 1821 5216 cellandnm.

1691 5231 1786 5290 Tertio,
1799 5231 1950 5280 mittendas
1962 5231 2046 5280 etiem
2060 5231 2191 5294 ejusmodi
2203 5231 2289 5278 Clier·

1656 5297 1706 5348 tas.
1721 5293 1896 5354 edsiiiqules
1923 5295 2059 5342 Ecclesiae
2079 5291 2168 5354 Requi
2192 5291 2292 5340 Catbe-

1656 5355 1746 5402 drales
1760 5369 1768 5402 .·
1786 5369 1840 5402 uon
1860 5357 1960 5404 ibidem
1983 5357 2069 5402 solum
2091 5353 2307 5414 custodiendas,

1655 5415 1702 5462 sed
1715 5421 1740 5464 et
1752 5431 1850 5466 eniuio
1863 5419 1903 5466 bis
1919 5419 2049 5480 leqendas
2063 5429 2155 5464 corani
2165 5413 2276 5474 populo.

1688 5477 1798 5542 Qiiamo,
1812 5483 1843 5528 ut
1856 5479 1985 5540 Episcopi
2003 5477 2042 5524 bis
2057 5477 2122 5524 itein
2144 5475 2293 5534 quotannis

1655 5543 1902 5592 eeccounnunicatos
1930 5541 2097 5590 denuntient
2126 5535 2294 5584 Cberteruin
