5076 6258
561 117 630 134 uni.

272 235 309 284 61.
325 233 360 282 ad
373 233 608 280 Pammachiuni:
633 231 696 288 Qiiae
710 229 900 282 indesinenter

272 295 301 342 in
323 293 443 338 Ecclesia
466 293 591 338 docemus
608 295 634 338 et
656 291 687 338 in
703 291 899 342 Catecliesitms.

272 355 349 404 idem
371 353 554 412 descriptor.
572 351 680 398 Eccles.
701 353 730 398 in
754 351 898 404 Clemente

272 413 480 464 Alexandrino:
500 409 670 472 Κοιτηχήοεων
689 411 822 472 1110916161·
836 415 897 474 fil-il.
921 397 924 462 i

274 473 401 524 Occurrit
416 485 472 520 uon
487 473 575 520 semel
592 471 668 532 apud
681 473 753 520 alios
768 477 900 524 auctores

273 533 497 584 Ecclesiasticos.
521 529 563 592 [iti
582 533 654 580 Vide
677 533 801 582 Glossar.
825 535 897 582 med.

273 593 382 644 Craecit.
399 593 450 640 col.
466 591 521 638 020.
537 591 582 652 D.]

301 653 313 714 1
328 651 555 710 ahincnisiilJS,
579 653 729 702 Institutio
743 665 900 716 puerorum

272 715 357 764 etiarn
372 725 469 760 recens
485 713 631 770 natorum,
653 715 809 772 antennam
831 713 900 772 bap-

272 775 402 830 tizentur,
429 773 463 820 de
486 785 544 830 qua
572 785 637 822 mox
664 773 694 822 in
722 771 899 820 catechizari.

273 835 384 884 Statuta
399 833 515 890 sugerii
539 833 576 880 ΙΙ.
593 833 726 894 Episcopi
743 833 899 880 Conseran.

273 905 337 944 ann.
352 893 430 940 1280:
454 891 485 940 Si
503 905 566 940 uera
581 899 663 952 pater
683 891 819 940 malitiose
837 903 900 950 pro-

269 953 360 1016 prium
380 953 420 998 uel
443 953 502 1012 ejus
525 953 625 1010 cidaris,
650 953 691 1000 uel
711 965 744 1000 66
765 951 819 998 alia
842 949 900 998 ciro

272 1013 364 1076 filiirm,
381 1013 421 1060 uel
440 1025 452 1060 e
476 1025 600 1060 converso
621 1009 809 1072 baptizaverit,
824 1023 855 1056 ac
869 1011 899 1058 ia

273 1071 434 1122 Catecliisma
459 1073 536 1134 (cum
562 1073 672 1120 scilicet
702 1073 734 1120 nt
757 1069 898 1120 061116611-

272 1133 380 1192 61611116)
407 1133 447 1178 ccl
472 1133 503 1178 in
530 1131 744 1192 Confirmatianc
770 1131 897 1188 tenuerit,

272 1193 622 1256 prauiterpeccat.1ntra:
646 1191 779 1238 Caeterum
802 1189 825 1236 si
849 1191 899 1238 Sa

272 1253 356 1302 cardos
372 1259 483 1314 propter
501 1253 611 1300 instans
625 1251 721 1298 mariis
732 1249 897 1310 periculum,

272 1327 322 1364 tion
347 1317 430 1374 potest
455 1325 546 1360 secure
572 1315 663 1374 facere
689 1313 898 1370 Catecliismum,

272 1373 360 1422 statim
373 1373 420 1420 illa
430 1373 612 1432 pretermissa
623 1373 739 1434 baptizet
751 1373 898 1432 infantem,

274 1439 298 1484 et
309 1435 363 1482 aleo
377 1439 402 1482 et
415 1433 558 1482 chrismate
571 1433 702 1496 iuunpat.

302 1493 520 1552 carcaniensi,
555 1497 585 1544 et
617 1493 811 1542 Catecliumeni
839 1493 899 1552 fieri

275 1555 360 1616 pueri,
383 1565 481 1602 recens
506 1555 597 1602 etism
621 1555 693 1616 nati,
719 1553 898 1610 dicebantur,

275 1613 446 1674 sequioribus
466 1613 589 1674 saeculis,
608 1615 657 1674 uui
677 1615 834 1670 anteauam
857 1613 900 1662 oi-

275 1675 455 1724 ferremerae
472 1673 659 1736 baptismum,
676 1679 708 1724 ut
725 1673 828 1722 veteris
845 1673 900 1722 Ec-

275 1735 435 1786 clesiasticae
446 1735 606 1796 discipliuae
617 1735 719 1784 umbra
728 1735 899 1796 servaretur,

276 1795 421 1856 apatrinis
444 1795 474 1842 in
493 1795 618 1856 speciem
634 1793 899 1854 catechizabantur,

277 1857 320 1916 qui
332 1855 366 1904 ils
386 1867 488 1904 nomen
509 1855 706 1916 imponebant,
720 1857 748 1904 et
767 1855 900 1904 Catecliu-

276 1929 360 1964 arenas
373 1915 465 1964 iactos
484 1917 519 1964 ad
541 1915 717 1976 baptismum
732 1913 899 1974 offerebant,

276 1979 404 2036 tanquam
422 1987 520 2026 eorum
542 1977 608 2024 fidei
634 1987 795 2036 sponsores
812 1977 900 2026 Gesta

275 2037 421 2094 Daaoberti
435 2037 522 2096 Regis
540 2049 601 2096 cap.
617 2037 666 2084 24:
688 2039 762 2084 Dum
774 2037 899 2084 eumdem
919 2093 920 2096 Ἴ

271 2111 381 2158 pueritm
392 2097 554 2144 uenerabilis
568 2097 609 2144 uir
623 2099 769 2146 Amandus
790 2095 900 2156 Trajec-
914 2093 919 2108 ¹

275 2157 385 2204 tensium
419 2155 493 2204 urbis
528 2157 681 2216 Episcopus
714 2157 898 2214 benediceret,

274 2231 380 2278 euinque
404 2217 606 2264 caticuminum
624 2219 736 2278 faceret,
749 2215 900 2276 statimque

274 2291 330 2324 euin
349 2291 513 2338 repeneraas
536 2283 651 2324 sanctus
669 2277 800 2336 Pontifea
822 2291 900 2324 sacru

275 2337 440 2398 baptismate,
469 2339 649 2398 impositaque
682 2339 791 2386 nomiae
821 2337 900 2396 Sipe-

274 2399 351 2456 herio,
371 2405 419 2446 etc.
436 2397 515 2446 Adde
540 2399 719 2456 Reginonem
743 2409 820 2446 anno
843 2399 898 2446 605.

275 2459 374 2516 Quaerit
398 2459 515 2506 Carolus
537 2459 662 2516 Magnus
687 2459 718 2506 in
745 2459 837 2518 Epist.
862 2459 899 2506 ad

273 2519 499 2578 archiepiscopos
538 2519 629 2576 Regni
668 2519 811 2574 Franclae,
850 2531 900 2564 car

270 2579 356 2638 primo
375 2579 471 2638 infans
485 2579 704 2626 Catechumenus
718 2577 846 2638 efficitur,
857 2579 900 2624 ael

272 2639 334 2698 quid
356 2639 390 2684 sit
410 2637 636 2698 Cateclcumenus,
653 2645 702 2686 etc.
722 2639 899 2686 Hincniarus

273 2699 415 2748 Remensis
440 2699 470 2746 in
497 2699 640 2760 Capitulis
669 2699 705 2746 ad
737 2697 897 2756 Presbyter.

273 2771 331 2820 cap.
353 2759 374 2806 3.
395 2759 423 2808 et
441 2759 598 2806 Ratherius
613 2759 787 2808 Veronensis
802 2759 898 2818 Episc.

273 2819 301 2868 in
316 2819 449 2876 Synodion
465 2819 500 2866 ad
516 2819 664 2876 Presbyt:
686 2819 860 2866 Euorcismos
873 2821 900 2866 et

273 2879 402 2926 arationes
416 2879 452 2926 ad
473 2879 704 2928 Catecliumenum
719 2879 899 2940 faciendum:

273 2939 309 2986 ad
327 2941 426 3000 fontem
449 2953 554 3000 quaque
573 2941 819 2988 consecrandum...
833 2951 900 2998 pra-

272 2999 341 3060 ferre
367 3001 473 3060 ualeat,
500 2999 630 3048 similiter
660 2999 786 3046 ard-inem
808 2999 899 3058 bapti·

272 3059 377 3108 randi...
390 3059 457 3108 sciat
471 3061 567 3122 tepere.
585 3059 693 3116 Quaerit
715 3061 841 3108 loannes
863 3061 898 3108 de

272 3121 369 3176 lanua,
389 3121 432 3168 An
455 3119 639 3168 Catechisrnus
664 3119 781 3168 dirimat
800 3119 900 3166 nautri-

270 3181 385 3230 mouium
396 3185 577 3238 contractum,
588 3187 613 3228 et
626 3181 663 3228 ad
677 3183 725 3228 bac
735 3179 804 3228 dicit
813 3179 898 3228 Gloss.

271 3241 336 3302 arrad
348 3255 397 3302 per
413 3241 611 3290 Catecbismum
635 3239 766 3302 baptismi
785 3243 810 3288 et
834 3255 898 3288 con-

270 3303 446 3362 firmationem
461 3301 592 3362 Episcopi
605 3303 780 3350 contrahitur
795 3313 899 3360 compa-

271 3363 388 3410 ternitas.
415 3361 555 3424 Differant
575 3369 668 3412 tumen
689 3361 720 3410 in
742 3363 798 3418 bac,
826 3361 900 3422 quod

271 3421 326 3470 licet
348 3437 395 3482 per
418 3423 584 3482 baptismum
608 3429 632 3470 et
661 3425 900 3484 coreiirmtatiaacm

269 3487 402 3530 contracta
415 3485 630 3544 cairrpaternitas
645 3483 790 3542 impediat,
806 3487 832 3530 et
856 3481 899 3528 di·

269 3543 347 3592 rimat
360 3543 579 3600 iriatrimanium,
595 3545 645 3590 illa
662 3549 754 3590 tamen
768 3557 827 3602 quae
839 3555 899 3588 can-

269 3605 382 3650 trabilur
395 3617 444 3664 per
457 3603 589 3664 baptismi
604 3603 814 3662 Catccbismum,
830 3601 900 3650 adea

268 3671 303 3712 est
315 3665 390 3712 erilis
404 3671 430 3712 et
449 3665 588 3724 inualida,
603 3665 675 3726 quad
698 3665 744 3712 uic
764 3663 899 3724 impediat

267 3725 467 3772 matrimonium
493 3727 723 3782 contrabendum,
751 3735 899 3786 utinquam

268 3791 354 3834 autem
363 3785 470 3834 dirimit
478 3785 541 3846 jam
553 3789 735 3834 contractum.
746 3785 814 3832 0661
824 3783 900 3832 enim

266 3845 410 3906 baptismus
422 3847 455 3894 sit
467 3847 561 3906 janua
573 3855 601 3896 et
611 3847 830 3906 fundamentum
844 3857 899 3890 ain-

265 3907 338 3954 nium
365 3905 618 3964 Sacramentorura,
641 3921 694 3968 per
718 3905 791 3968 quad
818 3905 899 3974 Cate-

266 3967 378 4014 abiimus
397 3981 452 4014 nan
472 3973 512 4016 est
533 3971 750 4026 sacramentum,
767 3965 899 4026 praecedit

266 4041 378 4088 natuque
405 4027 579 4088 baptismum.
605 4029 674 4076 Item
703 4033 768 4076 ante
794 4025 900 4088 baptis·

266 4101 336 4136 mum
351 4087 410 4148 puis
429 4103 484 4136 nan
508 4093 548 4136 est
569 4087 645 4150 altus
667 4085 795 4136 Ecclesiae
806 4101 816 4146 ;
833 4085 899 4148 quia

266 4149 287 4196 si
301 4153 457 4208 inereretur,
472 4149 503 4196 in
522 4153 658 4196 aeternum
676 4151 791 4210 periret,
807 4149 900 4208 quoad

262 4221 369 4268 pienum
397 4211 515 4258 damni:
543 4209 632 4270 ipitur
662 4223 713 4258 nec
742 4209 899 4268 spiritualis

265 4269 353 4326 itlius:
374 4283 436 4332 erpo
454 4283 506 4330 per
531 4269 732 4318 Catecliismum
747 4269 837 4326 nulla,
857 4271 899 4316 rel

265 4329 340 4388 quasi
356 4331 433 4378 trulla
455 4337 598 4378 contracta
618 4335 657 4378 est
674 4329 897 4390 compaternitas.

266 4389 304 4438 Ex
319 4391 423 4448 auibus
437 4391 586 4450 colligitur
613 4391 807 4438 catechismum
830 4403 899 4450 prae·

266 4451 380 4500 cessisse
412 4451 601 4512 baptismum.
631 4451 714 4508 Quod
735 4449 764 4498 61
788 4451 899 4498 indicat

266 4509 416 4560 Matthaeus
431 4511 513 4560 Paris
531 4523 599 4560 aun.
615 4511 685 4560 iaso.
704 4513 739 4560 de
753 4509 898 4560 Eduardo

265 4569 377 4628 Η661161
393 4571 527 4620 IILtilio:
545 4571 729 4620 Carleolensis
743 4581 805 4620 aero
815 4571 899 4630 Epis-

265 4643 342 4692 copus
355 4633 492 4692 infantem
507 4631 698 4688 Gatecliizavit,
715 4631 900 4690 0666111666-

265 4695 313 4740 tem
330 4691 488 4750 baptizavit,
503 4693 565 4742 licet
590 4707 646 4742 non
662 4699 731 4742 esset
746 4691 899 4738 Sacerdos:

264 4751 484 4820 archiepiscopus
507 4759 602 4802 autem
622 4751 802 4802 AEdmundus
824 4751 899 4798 Can-

265 4811 411 4860 tuariensis
429 4825 521 4874 ipsum
537 4813 718 4882 confirmauit,
733 4817 758 4862 et
773 4811 846 4872 Repe
861 4811 900 4858 sic

264 4873 365 4920 colente
379 4877 506 4932 aptatum
518 4879 557 4922 est
570 4887 595 4922 ec
608 4887 716 4934 narnien,
728 4871 827 4922 scilicet
840 4873 898 4920 Ed-

264 4933 380 4978 irardus.
389 4933 482 4982 Intra:
497 4933 558 4990 Qut,
568 4933 635 4990 dico,
645 4933 807 4994 infantulus
816 4931 900 4994 Rapis

263 4991 343 5050 filius,
360 4991 421 5040 licet
437 4997 504 5040 esset
522 5005 645 5052 praesens
664 4993 897 5054 Arcldcpiscapus,

261 5057 353 5110 postea
371 5059 468 5112 quarto
491 5053 537 5102 die
560 5055 673 5102 doctrino
688 5055 785 5102 Ottone
797 5055 900 5114 Lequta

263 5111 293 5158 in
307 5113 476 5160 coriaentuali
489 5113 615 5162 Ecclesia
629 5113 722 5174 ipsum
741 5113 900 5174 baptimate

264 5185 281 5216 a
302 5171 418 5220 dominis
437 5173 543 5234 Rapere
566 5173 748 5234 Londineasi,
777 5177 899 5222 Walters

266 5231 428 5280 Carleolensi
443 5231 615 5296 Episcopis...
637 5247 655 5280 a
674 5249 752 5284 sacra
765 5237 842 5296 fante
860 5243 898 5284 est

267 5291 374 5340 levatus.
400 5291 454 5342 Ubi
485 5295 534 5354 qui
566 5295 742 5344 catechizavit
774 5309 897 5358 puerum

1234 115 1304 136 Ussl.

950 233 1118 294 Episcopus,
1142 233 1274 278 eumdem
1296 231 1324 278 et
1346 231 1454 280 levarit.
1481 233 1583 282 Claber

950 293 1119 350 Rodulphus
1133 293 1163 338 in
1176 291 1241 336 Vita
1257 291 1282 336 S.
1300 289 1448 338 Cuillelmi
1462 293 1582 338 Abisaris

950 353 1062 400 Dirioii.
1085 361 1164 396 num.
1190 349 1221 394 i:
1244 347 1345 394 Filiam
1367 361 1446 406 quem
1468 353 1493 398 ei
1514 363 1584 398 isaar

947 413 1099 472 pepererat,
1117 407 1349 454 Cotechumenum
1370 407 1430 466 sieri
1451 423 1501 470 per
1525 425 1583 458 iira-

949 485 1017 518 uum
1029 467 1203 528 imperialem
1222 467 1362 528 pracepit,
1376 469 1447 526 quod
1459 469 1505 516 r'lle
1519 471 1582 528 (Be.-

950 529 1100 586 rengerius
1115 529 1175 576 1161
1199 529 1299 584 Italiae,
1320 529 1480 588 Imperator
1496 531 1582 576 etiani

950 587 1055 646 (1161116)
1071 591 1101 632 ut
1116 587 1237 634 inanitas
1259 587 1361 646 ficerat,
1381 587 1488 648 inipleri
1505 603 1583 634 iticin-

950 647 1035 704 dauit,
1054 659 1087 692 ac
1100 647 1244 708 proprium
1262 661 1381 710 pueram
1393 649 1505 696 sustulit
1518 649 1583 696 desc-

950 713 1023 764 tera,
1048 707 1126 768 eique
1148 723 1247 758 666166
1272 709 1376 758 indicit
1403 709 1583 768 Willelmam,

950 781 1029 828 picem
1043 769 1145 818 scilicet
1162 773 1336 830 pastinodum
1360 771 1468 830 Repiua
1482 771 1584 830 conjicis

949 829 1025 878 illius
1039 845 1072 878 ecc
1087 845 1162 878 sacro
1184 833 1259 892 fosite
1272 831 1389 892 suscepit
1402 831 1582 890 baptismatis.

949 891 1041 948 Atque
1060 893 1128 940 inde
1149 893 1333 952 percipimus,
1350 893 1419 950 quid
1435 893 1504 938 i'elit
1520 893 1584 940 Flo-

949 951 1074 998 doacdus
1096 953 1126 1000 in
1149 953 1253 1000 Chron.
1277 965 1343 1000 ann.
1366 951 1431 998 ata:
1450 951 1584 998 Ladarico

949 1011 1020 1072 Repe
1041 1013 1118 1072 apud
1140 1013 1290 1058 llodomtun
1309 1013 1432 1072 dedente,
1448 1011 1584 1072 Gerberpa

949 1071 1055 1130 Repina
1077 1071 1167 1132 ptimo
1188 1073 1304 1132 peperit,
1331 1071 1380 1132 prii
1402 1071 1521 1118 Karalus
1547 1071 1584 1118 ad

950 1131 1161 1178 Cateeizandura
1173 1135 1282 1178 uocatus
1294 1137 1352 1190 est;
1368 1133 1396 1178 id
1408 1133 1460 1186 est,
1473 1133 1504 1180 in
1518 1131 1584 1190 bap-

949 1193 1044 1246 116166,
1066 1193 1108 1238 vel
1134 1191 1320 1240 catechismo.
1342 1191 1505 1238 Concilium
1529 1193 1583 1238 Re-

949 1251 1088 1310 dingense
1101 1263 1167 1298 ann.
1185 1251 1254 1298 1270.
1268 1263 1330 1298 666.
1344 1253 1376 1298 4:
1399 1249 1431 1298 Ut
1442 1249 1522 1310 paeri
1532 1263 1585 1310 per

948 1315 1004 1358 acto
1017 1311 1075 1358 dies
1088 1317 1153 1358 autc
1163 1311 1279 1370 Pasclta,
1291 1315 1317 1358 et
1329 1323 1380 1372 per
1393 1309 1507 1378 totidem
1519 1317 1584 1358 ante

949 1373 1137 1430 Pentecosten,
1159 1373 1192 1418 de
1218 1375 1338 1418 taratrum
1361 1375 1448 1418 uteris
1471 1371 1540 1426 6611,
1562 1371 1584 1418 si

949 1433 1050 1492 absque
1062 1433 1184 1494 periculo
1206 1431 1338 1480 reseruari
1358 1431 1479 1490 valeant,
1498 1445 1584 1478 reser-

949 1499 1050 1540 ventur
1061 1505 1146 1552 usque
1161 1493 1197 1538 ad
1211 1493 1260 1538 illa
1274 1499 1398 1550 tempora
1415 1493 1583 1552 baptisandi,

948 1553 990 1600 ita
1004 1553 1076 1616 quad
1089 1553 1178 1600 inedia
1192 1559 1311 1614 tempore
1323 1553 1397 1600 inter
1408 1553 1585 1600 nativitatem

947 1627 1106 1674 puerorum,
1121 1619 1146 1662 et
1159 1613 1317 1674 laijusmodi
1333 1613 1508 1672 baptismum,
1521 1627 1585 1674 per-

950 1677 1050 1736 fectam
1086 1675 1223 1736 recipiant
1259 1675 1466 1724 Cateclrismum.
1507 1675 1584 1724 Adde

951 1739 1096 1796 Synodum
1112 1739 1340 1786 Nemausensem
1357 1747 1424 1784 ann.
1441 1735 1509 1784 1284.
1522 1747 1584 1796 cap.

950 1797 984 1844 de
999 1799 1157 1856 Baptismo,
1182 1797 1221 1856 [et
1239 1797 1354 1846 Statuta
1380 1797 1516 1846 Ecclesia
1537 1797 1585 1844 Bl-

950 1859 1088 1906 terrensis
1112 1859 1188 1918 apud
1211 1859 1332 1904 1161166.
1353 1859 1422 1904 tom.
1441 1859 1584 1906 11666611.

950 1919 1002 1968 col.
1017 1919 1071 1966 bib.
1086 1919 1201 1966 Sintula
1217 1919 1333 1976 trigarii
1348 1919 1384 1964 ii.
1399 1919 1494 1978 Epist.
1512 1919 1585 1964 Con-

950 1989 1042 2028 seran.
1070 1989 1137 2024 ann.
1171 1977 1255 2024 iaso:
1284 1977 1315 2024 Si
1342 1991 1404 2024 aero
1433 1979 1585 2024 constiterit

950 2039 1093 2084 Sacerdoti
1112 2037 1252 2096 infantem
1276 2037 1359 2098 fuisse
1375 2049 1392 2084 a
1414 2037 1483 2084 laica
1502 2039 1586 2096 jtiata

949 2099 1068 2158 formam
1080 2097 1207 2144 Ecclesiae
1222 2097 1401 2156 triplicatum,
1413 2111 1470 2144 nan
1491 2097 1586 2158 rebap-

949 2159 1021 2216 tizet,
1034 2171 1084 2206 nec
1100 2157 1248 2204 Cateclciret
1261 2159 1389 2216 eum,sed
1403 2159 1491 2204 salum
1502 2157 1586 2204 inun-

948 2223 996 2278 661
1009 2233 1072 2266 eum
1086 2217 1116 2264 in
1128 2221 1236 2278 pectore
1255 2223 1280 2264 et
1299 2219 1374 2264 iuter
1388 2219 1518 2278 scapulas
1529 2219 1585 2264 alea

949 2279 1097 2332 benedicta,
1123 2285 1149 2326 et
1173 2279 1205 2326 in
1232 2279 1332 2326 uertice
1355 2277 1512 2334 chrismate,
1535 2285 1584 2326 etc.

950 2339 1029 2388 Intra
1046 2355 1054 2384 .·
1081 2339 1182 2386 Nullus
1209 2339 1330 2386 Clericus
1357 2339 1413 2384 nisi
1440 2339 1586 2398 Presbyter

949 2399 1035 2458 fuera
1046 2399 1206 2456 catechizet,
1221 2399 1398 2458 aelbaptiset,
1410 2399 1453 2446 ael
1468 2405 1587 2446 mortuas

949 2459 1083 2520 sepeliat]
1099 2459 1250 2508 Summula
1272 2461 1447 2516 Rapmundi,
1463 2461 1498 2508 de
1511 2459 1586 2520 Bap-

949 2519 1058 2568 tisino:

1001 2597 1053 2636 Dum
1068 2595 1184 2636 Catechizas
1194 2607 1286 2648 puerum,
1296 2599 1345 2636 tunc
1354 2599 1397 2636 tres
1406 2597 1444 2636 tibi
1459 2609 1526 2638 6111666

1001 2649 1109 2694 Personas,
1120 2651 1140 2688 el
1150 2659 1190 2688 nou
1201 2651 1275 2698 plures,
1288 2649 1334 2698 quia
1343 2649 1446 2688 sufficiunt
1455 2649 1501 2690 liae:

1002 2699 1038 2740 His
1050 2699 1136 2750 injunge
1142 2699 1202 2738 fidem
1217 2711 1301 2750 puerunt
1310 2699 1384 2740 debere
1394 2699 1474 2748 docere,

1001 2751 1067 2804 Atque
1078 2753 1138 2792 Pater
1148 2755 1224 2802 noster,
1234 2755 1273 2792 etc.

950 2819 1121 2870 ordinarius
1143 2819 1200 2868 MS.
1220 2819 1356 2868 Ecclesiae
1381 2821 1532 2878 Rotomag.
1555 2819 1586 2868 in

950 2879 1075 2930 Sabbata
1091 2881 1268 2928 pentecost:
1284 2879 1379 2928 Finita
1392 2879 1525 2936 oratione,
1539 2893 1586 2926 ca-

948 2943 1039 2988 sulam
1063 2945 1147 2988 enuat
1170 2941 1327 3000 Presbyter,
1353 2945 1380 2988 et
1402 2945 1523 3002 perpant
1550 2939 1587 2986 ad

948 3001 1056 3058 Fontes,
1076 2999 1148 3048 sicut
1163 3007 1346 3060 praenotatur,
1371 3015 1433 3048 cum
1454 2999 1587 3060 ainpullis

948 3061 1112 3122 obtinuatis,
1127 3065 1151 3108 et
1167 3059 1227 3118 olei,
1240 3059 1422 3122 candelabris,
1439 3073 1528 3118 crricc,
1545 3073 1587 3108 ce-

948 3135 1003 3180 rea,
1028 3121 1059 3170 de
1085 3135 1137 3182 qua
1163 3123 1218 3170 laco
1244 3121 1371 3168 instituta
1400 3121 1531 3168 mittatur
1556 3123 1587 3170 in

948 3181 1056 3230 Fontes.
1071 3181 1188 3230 Interim
1210 3181 1278 3230 ditrn
1297 3183 1422 3230 lectiones
1445 3185 1587 3242 lepuntur,

948 3241 1073 3302 infantes
1089 3245 1143 3290 tres
1158 3243 1370 3300 Catheniecutur,
1386 3243 1410 3290 si
1421 3239 1530 3302 infans,
1546 3245 1587 3290 uel

947 3305 1042 3362 plures
1054 3303 1161 3362 fuerint
1181 3305 1218 3352 ad
1233 3303 1441 3364 baptizandum,
1459 3303 1593 3366 6111161111·ἶ

949 3365 982 3412 de
996 3365 1142 3410 chrismate
1163 3369 1189 3412 et
1211 3365 1266 3412 alea
1282 3365 1311 3410 in
1326 3365 1445 3412 Fontes:
1468 3365 1510 3410 sin
1535 3377 1587 3412 au-

949 3431 1012 3480 tem,
1028 3425 1100 3470 rriliil
1115 3425 1148 3472 de
1163 3425 1309 3472 chrismate
1329 3431 1354 3472 et
1377 3425 1433 3472 alec
1446 3425 1476 3472 in
1488 3425 1587 3474 Fontes

948 3485 1086 3532 mittatur.

980 3545 1192 3594 Cnrnorrmsni
1211 3557 1294 3596 66116
1313 3545 1413 3594 Fenus
1428 3545 1587 3594 Ecsnnsnu

950 3605 1016 3652 ante
1034 3603 1213 3664 baptismum
1235 3605 1376 3664 jubentur
1401 3605 1535 3666 infantes,
1555 3605 1585 3652 in

949 3665 1077 3714 Concilio
1096 3665 1264 3714 Cassiliensi
1289 3677 1356 3712 anu.
1380 3665 1449 3714 iiia.
1475 3677 1509 3714 ca
1533 3701 1539 3712 .
1561 3667 1586 3714 2.

949 3737 966 3774 a
989 3725 1026 3772 ud
1054 3725 1226 3776 silvestrum
1247 3725 1400 3774 Ciraldum
1424 3725 1474 3776 lib.
1522 3763 1527 3774 .
1552 3727 1586 3776 (16

974 3787 1113 3844 xpuguat.
1130 3785 1251 3836 Hibern.
1265 3797 1327 3846 cap.
1344 3785 1382 3834 34.

980 3847 1013 3892 In
1030 3845 1161 3894 Ecclesia
1181 3845 1506 3908 Constantinopolitana
1527 3847 1588 3896 6161

949 3905 1087 3964 dignitas,
1102 3919 1189 3964 quam
1202 3913 1245 3954 τοο
1259 3907 1413 3982 libripens
1433 3905 1587 3962 vocabant,

950 3965 1035 4024 cujus
1052 3977 1160 4014 millitis
1173 3967 1235 4016 erat
1247 3973 1388 4028 κατηχιζειν
1404 3967 1445 4014 τὸν
1461 3967 1587 4028 16166111

950 4025 1043 4080 πάντας
1055 4019 1206 4088 ἐρχομένους
1222 4021 1248 4074 iu
1262 4035 1309 4074 τῶν
1327 4025 1473 4086 ἑτεροδόξων
1491 4023 1525 4082 εἷς
1543 4027 1586 4088 τὴν

950 4085 1080 4148 bpbbdoior
1094 4085 1185 4144 (116111,
1202 4089 1307 4146 1100110
1325 4087 1458 4144 Catalogi
1481 4087 1587 4136 0111010-

951 4159 1014 4196 rum
1037 4147 1173 4196 Ecclesia
1198 4147 1418 4216 Constantinop.
1444 4151 1473 4196 61
1496 4149 1588 4196 Theo-

949 4209 1060 4268 phanes
1071 4219 1137 4266 pag.
1148 4207 1203 4256 307.
1217 4205 1267 4254 ubi
1281 4207 1411 4256 Miscella
1427 4207 1587 4256 611166616-

950 4269 1011 4316 sius
1025 4267 1166 4316 institutor
1178 4267 1312 4316 reddunt.
1326 4267 1370 4328 [aa
1377 4269 1448 4316 Vide
1460 4267 1588 4316 Glossar.

950 4329 1023 4378 med.
1040 4329 1154 4376 Crescit.
1166 4327 1215 4376 ubi
1228 4327 1304 4376 idem
1319 4329 1427 4376 dicitur
1439 4329 1489 4388 qui
1502 4327 1588 4376 Erar-

950 4389 1019 4436 cista
1037 4403 1069 4438 ex
1085 4399 1149 4438 can.
1166 4389 1204 4436 10.
1226 4387 1346 4436 06661111
1361 4389 1558 4450 antiocheni]

980 4449 1249 4512 1011666161116.
1265 4447 1508 4506 0111161161116,
1525 4451 1589 4496 Ins-

949 4511 1050 4560 titutio
1078 4511 1156 4558 iacta
1178 4509 1306 4556 nondum
1334 4507 1497 4570 baptizatis.
1523 4523 1590 4558 cuni

949 4569 1257 4620 11661061666616661.
1278 4569 1455 4618 Ricobaldus
1478 4571 1589 4618 Ferrar.

950 4631 980 4680 in
995 4633 1071 4682 Hist.
1087 4631 1194 4680 Pontii.
1211 4631 1292 4678 Rom.
1307 4631 1382 4690 apud
1397 4631 1501 4680 1111161,
1519 4633 1588 4678 toni.

949 4693 974 4742 0.
990 4693 1043 4742 661.
1058 4693 1119 4740 ito:
1133 4691 1185 4740 Hic
1196 4691 1343 4748 (Hyginus
1358 4691 1425 4748 Pe.)
1448 4691 1590 4738 coristituit

949 4759 980 4800 ut
994 4753 1125 4814 patrinus
1137 4753 1178 4800 ael
1190 4751 1308 4810 pistrina
1318 4751 1453 4812 suscipiat
1469 4753 1590 4800 leuatum

950 4825 968 4860 a
981 4813 1058 4872 fante
1073 4811 1256 4874 hciptismatis,
1270 4813 1311 4858 uel
1326 4811 1357 4858 ia
1372 4813 1588 4874 confirmatione,

948 4873 991 4920 vel
1015 4871 1257 4930 Catbeticatione;
1280 4873 1321 4920 vel
1354 4875 1386 4922 ut
1409 4871 1497 4922 habet
1523 4871 1588 4922 Cod.

950 4933 1093 4988 Estensis,
1108 4931 1335 4982 Catecliizatianc.

982 4991 1231 5048 terceniacus,
1246 4993 1505 5046 0.(166116116616,
1521 4991 1590 5038 Ρο1-

950 5053 1026 5102 ticus
1041 5055 1179 5102 Ecclesiae
1191 5055 1354 5114 superiores
1370 5055 1412 5102 sic
1424 5055 1517 5104 dictae.
1532 5063 1589 5120 1166

949 5113 1026 5172 quod
1051 5115 1162 5162 inerint
1183 5115 1464 5164 Catecliunienorum
1491 5113 1590 5160 statio-

950 5173 1070 5228 666161
1088 5175 1168 5222 locus
1192 5173 1242 5222 ubi
1269 5175 1375 5224 instrui
1398 5173 1538 5230 solebant.
1558 5173 1589 5222 ut

950 5237 1069 5282 censent
1085 5235 1230 5282 Batonius
1253 5245 1320 5282 ann.
1346 5235 1401 5284 050.
1415 5245 1442 5280 6.
1456 5233 1495 5280 38.
1511 5233 1589 5282 Wol-

949 5295 1048 5356 pliius,
1071 5295 1100 5342 61
1125 5295 1293 5344 Meuisius:
1317 5297 1368 5344 scd
1394 5293 1470 5354 qaod
1497 5293 1526 5340 in
1553 5295 1590 5342 iis

1922 115 1993 138 Ussl.
2207 113 2274 146 220

1634 231 2047 284 61111161666661661111116166
2071 237 2173 282 66611111
2196 239 2274 286 exci-

1633 293 1741 350 perent.
1758 289 1932 336 6666166166
1946 289 1976 334 111
1992 291 2182 338 0611661611616
2206 307 2271 352 pne.

1634 353 1679 398 iso
1693 365 1697 396 z
1712 349 1748 396 Et
1762 347 1948 394 ascenderant
1965 347 2003 392 ad
2021 361 2082 392 cirin
2096 349 2127 394 in
2144 351 2274 398 Catacha-

1633 407 1997 464 61661116(136616616311161116
2014 407 2187 456 116666161ἰί.
2209 413 2274 458 Cre-

1634 473 1731 528 ,corius
1757 471 1792 518 II.
1821 467 1875 514 PP.
1906 467 1997 526 Epist.
2027 467 2051 512 ⁴2.
2079 469 2114 512 ad
2148 469 2273 518 Leonem

1634 531 1813 578 1666166116
1830 527 1891 574 Vll.
1916 527 2047 584 spineo:
2070 527 2228 586 Pontifices,
2252 527 2275 572 si

1634 587 2235 658 661666666111...61661611661661601666616
2250 593 2274 632 ct

1634 663 1664 696 m
1680 651 1882 698 Catecluanenn
1896 647 2034 708 aldepant.
2052 647 2229 694 Eiislacliius
2243 647 2273 692 iii

1634 711 1701 758 Vita
1715 713 1741 758 S.
1757 713 1881 768 Pclneiae
1897 707 2057 758 assistricis
2070 719 2133 766 cap.
2147 707 2179 754 s:
2209 707 2272 764 066

1634 771 1769 830 accipiens
1793 785 1863 826 crini,
1893 769 2018 818 ascendit
2039 767 2070 814 ia
2096 767 2275 814 (7616606166-

1634 845 1716 890 rilint,
1745 845 1773 878 co
1800 833 1873 892 quod
1897 835 1922 878 et
1951 845 2001 878 rios
2024 829 2060 876 ibi
2086 839 2271 874 riiciaeremaa

1634 891 1818 952 Κοιτηχούμενκ
1833 897 1862 942 01
1875 891 2062 954 κκτηχουμέἪοι
2076 889 2129 936 lias
2142 889 2273 948 611110110-

1634 961 1678 998 166
1690 953 1818 1010 porticus
1831 965 1846 1000 6
1859 953 1965 1000 Circeis
1977 951 2127 1012 appellari.
2139 947 2273 1014 pluribus

1634 1013 1814 1060 ostendimus
1835 1013 1866 1062 in
1882 1013 2080 1074 Descripturus
2096 1013 2205 1058 sunctae
2223 1009 2274 1056 So-

1634 1071 1707 1130 pliiae
1725 1083 1788 1132 cap.
1806 1073 1845 1120 38.
1871 1073 1988 1136 blaterat
2009 1081 2056 1120 τῶν
2078 1069 2273 1136 curvaspina?

1634 1129 1720 1178 habet
1732 1131 1882 1192 Crispinus
1893 1135 1922 1180 iu
1934 1135 2000 1182 Vita
2012 1133 2105 1182 sancti
2121 1133 2270 1180 Parilicun

1634 1189 1767 1258 Episcopi
1784 1193 1974 1250 Lampsaceni
1991 1205 2053 1254 caii.
2076 1193 2099 1240 ⁵2.
2123 1205 2150 1240 n.
2168 1189 2271 1240 itum

1634 1249 1795 1298 Gentianus
1819 1251 1986 1310 tabulatum,
2006 1255 2057 1302 alii
2081 1253 2168 1300 locirm
2196 1253 2272 1298 Cate-

1634 1307 1969 1360 cliumcnorumvertunt.
1997 1313 2049 1362 Sed
2073 1315 2194 1368 biccaro-r,
2220 1313 2273 1360 lioc

1634 1369 1705 1426 loco,
1722 1375 1766 1418 051
1791 1369 1902 1430 δεύτερον
1925 1373 2124 1436 κατηχούμενον,
2142 1363 2271 1434 pattialis

1634 1431 1768 1478 Ecclesiae
1796 1433 1937 1490 superior,
1956 1433 1996 1480 116
2016 1433 2092 1482 (11616
2110 1435 2218 1484 Codino
2237 1433 2271 1482 (16

1636 1491 1662 1538 S.
1680 1491 1794 1552 Sophia.
1813 1491 1885 1544 Δὲξιο(
1902 1493 1962 1550 μέρη
1982 1499 2030 1538 τῶν
2054 1495 2271 1556 κατηχουμενεῖων

1636 1551 1704 1598 sedis
1717 1551 1880 1612 Sopliianie,
1897 1551 1924 1598 in
1940 1553 2048 1598 Concil.
2065 1553 2142 1602 VHI.
2164 1557 2225 1602 Act.
2253 1555 2273 1600 l.

1634 1611 1676 1672 [aa
1692 1613 1763 1660 Vide
1780 1611 1906 1658 Glossar.
1929 1613 2002 1660 mcd.
2019 1613 2130 1662 Crescit.
2148 1615 2201 1662 col.
2218 1613 2273 1662 021.

1635 1675 1663 1722 61
1678 1673 1806 1732 append.
1820 1671 1936 1732 66100]

1665 1731 1982 1794 scireburnensis,
2006 1731 2200 1794 Cntecliizarc,
2214 1735 2274 1796 pri·

1635 1795 1691 1844 mis
1715 1795 1781 1842 fidei
1811 1793 1983 1842 Christianae
2015 1793 2190 1842 rudimentis
2219 1797 2277 1842 ins-

1634 1853 2274 1910 traoreaonouusinvitasangeiiasimel.

1635 1917 1704 1964 tam.
1723 1915 1746 1964 2.
1769 1915 1817 1964 SS.
1833 1915 1903 1964 itali
1925 1925 1990 1976 pag.
2010 1913 2074 1962 809:
2101 1913 2274 1974 Qiiuproplar

1634 1973 2276 2036 ipsePatriarclia...Jesseetllariamtludtaos)

1635 2037 1735 2096 recepit
1748 2037 1823 2082 annai
1835 2035 1977 2096 allectione
1990 2035 2142 2096 spirituali,
2155 2041 2180 2082 et
2192 2037 2276 2082 eticim

1637 2097 1864 2144 Catechumeaari
1886 2109 1928 2144 eas
1952 2097 2087 2156 injurati.
2104 2099 2137 2144 In
2159 2097 2275 2144 Consti-

1636 2155 1799 2206 tutionlbus
1821 2157 1957 2204 Ecclesiae
1972 2157 2144 2212 Valentinos,
2163 2161 2231 2204 tom.
2248 2155 2271 2204 3.

1636 2217 1744 2264 Concil.
1757 2217 1879 2276 Hispan.
1894 2227 1959 2276 pap.
1973 2215 2027 2264 iot.
2042 2215 2271 2264 Criteclaimenari

1636 2277 1751 2336 dicitur,
1767 2277 1818 2334 aui
1832 2277 1865 2324 lit
1877 2277 2119 2324 Cateohunienus.

1667 2335 1907 2394 circadalium,
1925 2337 2022 2394 instuit
2036 2337 2166 2386 Isidorus
2182 2337 2229 2384 lib.
2247 2335 2271 2382 ’2.

1636 2397 1669 2444 (16
1681 2399 1788 2446 Eccles.
1804 2397 1878 2446 61116.
1889 2407 1950 2456 cap.
1964 2397 2079 2444 206661
2091 2397 2139 2456 aui
2148 2399 2273 2456 pitirum

1636 2457 1668 2504 de
1694 2457 1849 2518 perutilitate
1873 2455 2001 2514 ueniunt,
2022 2457 2151 2504 habentes
2176 2459 2274 2504 caltin-

1636 2521 1722 2566 tatem
1736 2517 1869 2566 credendi
1891 2519 1921 2564 in
1938 2517 2087 2564 Claristum.
2111 2519 2202 2568 Gracc
2224 2531 2276 2564 au-

1637 2585 1699 2636 tem,
1713 2579 1812 2626 subdit
1833 2579 1909 2626 idem
1933 2577 1981 2626 lib.
2003 2579 2025 2626 8.
2047 2579 2124 2636 orig.
2150 2591 2212 2640 cap.
2236 2579 2274 2626 11.

1636 2639 1749 2686 auditor
1763 2639 1974 2698 interpretatur,
1997 2639 2038 2686 ael
2051 2639 2212 2696 instructus,
2223 2651 2275 2698 pra

1637 2713 1665 2746 ea
1677 2699 1751 2760 quod
1763 2699 1854 2746 adhuc
1867 2699 2022 2746 doctrinam
2034 2699 2098 2758 fidei
2111 2699 2199 2756 audit,
2208 2711 2277 2746 non-

1637 2761 1704 2806 dum
1718 2765 1813 2808 tairiea
1836 2759 2004 2868 baptismum
2024 2759 2156 2822 percepit.
2173 2761 2276 2820 01666-

1636 2821 1697 2870 rius
1709 2821 1834 2880 Magnus
1847 2821 1864 2868 li
1892 2821 1931 2868 .7.
1948 2823 2011 2870 Ind.
2027 2823 2050 2870 1.
2065 2823 2157 2882 Epist.
2171 2821 2220 2868 24:
2243 2819 2275 2868 Si

1636 2893 1697 2928 aero
1710 2887 1837 2928 sanctum
1850 2881 1958 2928 Pascha
1973 2881 2104 2942 eleperint
2117 2885 2272 2942 erpectare,

1635 2941 1737 2988 iterutm
1762 2955 1823 2988 citra
1847 2941 1980 3002 Episcopo
2006 2943 2121 3004 loquere,
2143 2947 2174 2988 ut
2197 2941 2276 2990 iliada

1636 3001 1746 3062 quidem
1771 3001 1965 3048 Catecbameai
1988 3001 2068 3064 fiant.
2091 3003 2294 3060 6666611666·

1638 3063 1731 3112 Tract.
1749 3063 1786 3110 11.
1804 3063 1833 3110 16
1850 3061 1992 3112 loannem
2009 3077 2013 3110 :
2029 3061 2127 3110 Omnes
2142 3063 2276 3110 06166116-

1636 3121 1710 3170 meni
1719 3123 1780 3182 jam
1796 3121 1913 3170 credunt
1928 3123 1958 3170 iu
1977 3125 2088 3172 iiarninc
2103 3123 2214 3172 Christi.
2228 3123 2276 3170 sed

1636 3181 1713 3230 Jcsris
1731 3197 1788 3230 nori
1806 3197 1833 3230 sc
1847 3183 1933 3230 credit
1951 3185 1997 3232 eis.
2012 3185 2171 3232 Leidcadus
2190 3185 2274 3244 Epis-

1636 3255 1725 3304 copus
1746 3245 1880 3302 Lugdun.
1896 3245 1930 3292 de
1943 3243 2088 3306 baptismo
2100 3257 2162 3306 cap.
2175 3245 2188 3292 1
2202 3261 2206 3290 z
2224 3243 2275 3300 Qui

1637 3305 1818 3364 baptizandus
1844 3311 1893 3362 est,
1916 3305 1998 3364 prius
2026 3305 2185 3354 instruatur
2211 3305 2277 3364 fide,

1636 3367 1683 3412 hoc
1705 3369 1744 3414 est
1769 3365 1843 3412 enim
1859 3365 2088 3414 Gatecluuninum
2104 3381 2167 3422 esse,
2193 3365 2277 3412 idest

1636 3425 1802 3472 instructum
1819 3441 1827 3472 .·
1853 3427 2034 3484 Catccliizare,
2062 3433 2101 3474 cst
2128 3429 2274 3484 instrucre,

1636 3493 1685 3534 etc.
1712 3485 1753 3548 [iit
1773 3487 1840 3534 Vita
1864 3487 1890 3534 S.
1915 3487 2049 3536 Ansharii
2071 3499 2133 3546 cap.
2160 3487 2200 3534 ai.
2227 3497 2274 3544 ap,

1636 3547 1728 3594 Pertz.
1744 3547 1813 3594 torn.
1831 3547 1933 3606 Script.
1955 3547 1977 3594 2.
1998 3559 2063 3608 pac.
2084 3547 2138 3592 itia.
2156 3543 2274 3604 111100]

1636 3607 1708 3654 Vide
1722 3605 1917 3666 Caripetentes.
1935 3607 2003 3664 01166
2013 3607 2129 3664 quidem
2144 3605 2274 3652 Carecini·

1636 3681 1779 3714 pressorum
1795 3667 1950 3728 appellatio
1975 3679 1988 3716 e
2011 3667 2166 3726 Scripturis
2182 3665 2274 3726 petit-a

1637 3731 1690 3786 est,
1701 3729 1780 3776 velut
1797 3739 1813 3776 a
1829 3739 1891 3788 cap.
1907 3727 2011 3776 11116.
2027 3729 2055 3774 in
2075 3727 2188 3774 Prasiai.
2206 3737 2229 3772 v.
2249 3725 2273 3772 a.

1635 3789 1719 3848 juxta
1741 3791 1852 3836 textum
1877 3787 2016 3836 01616661.
2042 3785 2111 3834 11661
2137 3797 2170 3834 ex
2193 3785 2273 3832 Actis

1638 3849 1766 3908 apostol.
1787 3859 1850 3908 cap.
1871 3847 1908 3896 18.
1932 3861 1957 3894 v.
1973 3849 2012 3896 tis.
2036 3847 2099 3894 tuin
2124 3857 2159 3894 61
2180 3845 2272 3910 Epist.

1637 3909 1721 3956 Pauli
1745 3909 1781 3956 ad
1802 3909 1896 3956 Galat.
1921 3919 1982 3968 cap.
2008 3907 2031 3954 6.
2054 3919 2079 3950 v.
2099 3905 2121 3952 0.
2141 3917 2156 3952 6
2178 3905 2275 3952 (irretio

1637 3981 1704 4016 vero
1725 3977 1857 4032 rurensis.
1883 3969 1959 4026 qiiod
1978 3965 2124 4024 significat
2144 3965 2277 4012 irisanare

1637 4029 1761 4086 auribus,
1778 4029 1900 4082 eriulire,
1925 4027 2025 4074 docere
2040 4027 2201 4084 pracsertim
2217 4025 2275 4074 ele-

1638 4093 1735 4138 menta
1749 4091 1850 4150 prima,
1873 4089 1908 4134 ut
1929 4087 2057 4146 loquitur
2070 4087 2224 4148 apiostolus
2237 4087 2272 4136 ad

1637 4149 1798 4210 Hebr.cap.
1814 4151 1839 4196 b.
1855 4161 1878 4194 v.
1897 4145 1933 4194 1⁴2.
2015 4205 2019 4214 ¹
2049 4199 2052 4208 λ

1669 4211 1777 4258 Verum
1802 4209 1875 4256 alias
1903 4209 2058 4260 6661161616
2086 4207 2273 4268 strictiusque

1639 4271 1780 4330 accipitur
1797 4279 1850 4316 vox
1865 4267 1965 4314 eadem
1988 4267 2023 4314 de
2047 4267 2132 4314 certis
2157 4267 2273 4318 illorum

1640 4329 1785 4388 gradibus.
1809 4327 1858 4384 qul
1881 4327 1916 4374 ad
1939 4329 2064 4384 61611661
2091 4325 2274 4388 baptismatis

1640 4387 1816 4452 aspirabant.
1841 4397 1913 4444 siuas
1935 4387 1965 4434 in
1988 4387 2095 4448 triplici
2111 4389 2273 4436 differentia

1639 4451 1737 4504 fuisse,
1766 4447 1896 4496 Curiones
1922 4447 2078 4506 Patresuue.
2104 4449 2272 4496 declarant:

1640 4511 1743 4570 quippe
1759 4511 1817 4556 tres
1833 4507 1902 4556 oliui
1915 4507 2066 4556 institutos
2086 4509 2209 4568 lepinius
2231 4521 2275 4558 eo·

1639 4583 1714 4628 runi,
1736 4569 1785 4628 uui
1808 4569 1843 4618 ad
1859 4567 2041 4628 Baptismuni
2056 4571 2273 4630 suscipiendum

1660 4629 1740 4678 rimis
1768 4629 1939 4678 Christianae
1965 4631 2029 4678 iidci
2053 4631 2202 4680 elementis
2222 4631 2274 4678 iin-

1639 4643 1812 4744 buebantun
1836 4689 1960 4748 ordines,
1982 4691 2031 4750 qui
2056 4693 2202 4740 communi
2226 4703 2276 4748 ac-

1641 4751 1787 4808 66166666
1826 4753 2042 4812 nuncupatione
2081 4751 2276 4800 Catcclrumeni

1640 4811 1754 4870 (16161616
1772 4823 1869 4860 onmes
1893 4811 2070 4868 dicebantur,
2089 4815 2277 4874 666616166-

1637 4871 1693 4930 jori
1710 4871 1848 4920 minorive
1862 4873 1891 4918 in
1901 4873 2033 4922 doctrina
2045 4873 2110 4922 11661
2122 4885 2155 4922 ac.
2168 4873 2275 4920 virtute

1640 4931 1781 4992 proiectu,
1794 4933 1889 4982 (61166
1902 4935 1931 4982 16
1945 4933 2091 4992 [11606661
2106 4935 2188 4992 (111661
2204 4933 2276 4980 6166-

1641 5003 1685 5040 666
1713 4991 1923 5052 tribuebantur,
1953 4993 2133 5042 audientium
2163 5003 2275 5052 nempe,

1642 5051 1905 5114 Gertiitlcctentium,
1929 5057 1957 5104 61
1985 5055 2216 5114 Corripiet-eutium,
2240 5051 2275 5098 de

1641 5111 1746 5172 ciuibus
1778 5117 1886 5176 passim
1914 5117 1961 5164 SS.
1988 5117 2097 5164 Patres.
2130 5115 2170 5162 De
2198 5113 2277 5180 Cate-

1640 5175 1792 5226 chunienis
1819 5177 1910 5226 iiiiilta
1933 5175 2040 5224 habent
2066 5173 2203 5222 Concilia.
2225 5171 2276 5218 M-

1640 5247 1752 5284 caenum
1769 5239 1886 5286 66611.
1903 5237 1941 5286 12.
1960 5237 2106 5284 Aurelian.
2120 5235 2142 5280 Ι,
2159 5243 2220 5282 caii.
2235 5231 2273 5280 is.

1640 5297 1855 5356 caspaliana
1870 5309 1932 5348 caii.
1947 5297 1985 5346 3-1.
2002 5295 2093 5344 01101.
2109 5293 2274 5342 ,1161616666
