5076 6258
253 289 318 354 336
555 295 619 360 CIR

249 451 359 512 peritias
373 451 504 510 fratrum,
520 459 547 502 et
558 455 663 502 ordinis
684 451 888 514 praeuaricatio-

249 525 309 560 nes.
323 511 453 580 Qtiotiens
470 513 578 562 Circam
594 515 672 576 facit,
683 515 750 562 adeo
764 511 889 570 reliqtose

249 577 274 620 55
296 573 424 622 ordinate
449 575 525 622 debet
550 575 687 632 incedere,
701 577 732 620 ut
758 577 889 618 terrorem

248 633 576 694 iticiitt'atspectatoribus
600 633 666 694 suis,
687 637 712 680 et
737 631 889 692 eaeinplurn

248 695 437 754 reliqiositatis
449 695 585 742 ostendat.
600 695 675 742 Adeo
696 699 790 740 antem
809 691 890 738 tacite

250 761 274 802 et
296 769 384 802 secere
403 755 479 802 debet
506 757 600 816 facere
625 753 742 810 Circam,
764 757 796 800 at
816 751 890 802 nulli

249 829 377 878 itiiquaui
394 817 531 876 loquatur,
545 815 585 862 uel
604 811 714 874 siquam
726 813 812 874 faciat
819 827 829 872 ,¹
842 813 889 862 sed

250 877 440 926 tantummodo
466 875 585 924 studiose
611 877 733 922 scrutari
763 873 837 922 debet
864 881 889 922 et

249 937 382 1000 inspicere
395 937 555 998 offensiones
567 939 592 982 et
607 935 889 996 neqtiqentias.Omni

250 1007 370 1060 tempore
381 1003 468 1060 potest
476 999 568 1058 facere
581 995 690 1044 circam
702 1003 813 1058 excepta
824 999 889 1046 liora

252 1059 377 1122 Capituli
405 1063 431 1106 et
455 1055 624 1112 collationis,
652 1059 763 1120 quando
788 1059 889 1108 scilicet

250 1123 320 1170 ostia
332 1117 445 1168 claustri
454 1119 517 1180 J'am
540 1117 655 1178 firmata
675 1125 768 1168 sunt...
782 1119 835 1168 1555
851 1121 888 1168 di-

250 1183 368 1244 liqenter
380 1181 456 1228 debet
469 1179 622 1240 attendere,
638 1193 673 1228 ne
695 1195 819 1242 unquam
840 1183 888 1228 ali-

248 1243 310 1306 quis
324 1243 385 1288 sine
399 1239 569 1288 causabaris
587 1243 761 1302 reqiilaribits
776 1243 852 1300 515515,
863 1249 889 1292 55

249 1303 443 1372 nequisquam
458 1301 597 1362 loquatur,
610 1303 657 1350 ubi
666 1303 706 1352 551
716 1305 824 1364 quando
833 1317 889 1352 non

250 1365 336 1414 debet.
350 1363 483 1422 Antiquae
495 1363 728 1416 consuetudines
747 1367 888 1416 15555515-

249 1429 360 1476 riorum
374 1425 400 1474 S.
415 1425 564 1474 Benedicti
577 1439 605 1474 5.
627 1427 652 1476 8.
671 1427 759 1490 [apud
778 1427 888 1478 11511111.

249 1491 318 1538 tom.
336 1489 360 1534 4.
385 1487 513 1536 Analect.
540 1499 605 1548 pag.
628 1489 713 1552 tell:
736 1489 889 1538 circatores

248 1549 335 1598 etiam
349 1549 426 1608 duos,
440 1549 489 1610 qui
502 1549 629 1598 carnibus
642 1551 726 1610 liaris,
746 1551 813 1600 dum
826 1553 888 1612 fra-

248 1609 477 1672 tresoiqilabant‚
502 1609 659 1660 circuibant
680 1613 887 1670 monasterium,

246 1685 282 1720 ne
296 1671 357 1732 quis
374 1671 464 1730 frater
477 1675 578 1722 deesset
590 1675 702 1734 proprio
716 1675 770 1722 loco
782 1687 792 1720 .·
806 1675 829 1722 si
840 1687 888 1722 au·

247 1737 303 1780 tem
317 1733 456 1794 defuisset,
466 1735 558 1784 statim
571 1735 602 1784 in
613 1735 714 1784 tabulis
727 1735 887 1794 notabatur,

246 1801 296 1844 etc.
311 1793 384 1844 ibid.
406 1795 493 1846 5.11;
520 1795 650 1844 Ρ55551555
675 1797 818 1844 5155515555
841 1797 889 1846 boc

245 1855 435 1918 obseruabant,
453 1857 477 1904 si
489 1857 611 1918 aliquem
626 1857 771 1914 ridentem,
785 1857 824 1906 551
838 1857 888 1904 511-

246 1915 314 1978 quid
338 1925 529 1968 susurrantem
556 1923 765 1980 conspeiierant
793 1917 887 1966 statim

247 1977 351 2028 tabulis
371 1981 528 2038 notabatur,
545 1983 570 2030 55
591 1979 785 2042 beniqnissime
806 1979 888 2026 corri-

243 2041 375 2102 piebatur
397 2049 513 2102 tempore
540 2047 700 2106 opportuno.
722 2041 801 2090 Adde
823 2041 888 2110 Ber-

248 2103 373 2150 555555]
396 2103 577 2152 Marmenia
596 2103 732 2152 consuet.
756 2101 886 2150 Olunrac.

248 2163 327 2212 MSS.
344 2175 405 2224 cap.
425 2165 447 2212 5.
460 2163 501 2224 [15
517 2163 603 2212 editis
620 2173 681 2224 555.
698 2163 720 2212 l.
739 2161 830 2224 partis
853 2161 888 2224 1.]

249 2223 299 2274 ubi
314 2225 458 2284 55551511
482 2225 625 2274 5155155115
645 2223 819 2282 incederent,
836 2223 888 2270 iis-

249 2287 400 2344 (15515555
424 2285 527 2346 5551115,
547 2287 652 2344 quibus
676 2283 747 2334 liber
770 2283 887 2334 Ordinis

251 2345 690 2406 S.Victoris,declarat;quibus
701 2345 886 2406 adjungenda

249 2407 353 2464 555515
370 2407 444 2456 lianc
467 2419 528 2456 rem
549 2407 636 2456 habet
656 2407 839 2456 Lauirancus
856 2407 886 2452 in

250 2467 375 2530 81515115
386 2479 437 2530 555
453 2469 560 2518 Ordine
577 2469 603 2518 S.
622 2467 770 2516 Benedicti
785 2479 847 2576 aeq.
863 2467 886 2514 4.

247 2527 287 2588 iet
312 2527 446 2590 Capitula
468 2529 651 2578 Novitiarum
674 2527 750 2588 apud
776 2529 822 2578 Ma
845 2527 886 2576 ill.

248 2591 281 2638 15
295 2589 375 2638 Actis
393 2591 440 2638 88.
465 2589 615 2638 Benedicti
638 2601 694 2638 sec.
719 2591 742 2638 4.
764 2589 838 2650 part.
863 2587 886 2636 1.

248 2661 313 2710 pag.
331 2649 549 2710 742.]Ρ55515555
569 2649 779 2708 8111555555.
795 2649 885 2710 Epist.

248 2711 287 2758 22.
306 2721 369 2770 cap.
386 2711 539 2760 15511155
557 2709 737 2760 canonias:
765 2711 802 2758 Et
821 2709 888 2770 5515

248 2777 326 2818 55555
341 2775 420 2818 55555
434 2773 573 2820 orationes
582 2771 707 2832 publicas
725 2773 754 2818 tn
773 2785 821 2820 sao
840 2785 888 2818 cu-

248 2831 297 2878 biti
311 2833 500 2894 uuusquisque
511 2833 618 2892 5151151,
639 2831 811 2880 circumeunt
835 2833 888 2880 cel-

248 2891 322 2938 15155
337 2893 516 2954 sinqulorum,
533 2899 558 2940 et
579 2905 649 2940 aure
670 2893 805 2954 apposita,
820 2893 888 3004 qpid

248 2953 512 3062 faciaiqtssqiliqeuter
522 2953 823 3014 eaptocuiii,etc.[i²thc
846 2965 885 3004 55.

249 3025 321 3062 vers.
395 3029 401 3060 :

316 3109 407 3150 circatas
415 3109 489 3154 veniat,
499 3109 575 3148 dicrum
585 3109 653 3150 scelus
663 3121 722 3152 omne
731 3109 841 3166 55551551]

281 3197 388 3246 Eorurn
404 3197 493 3246 etiam
515 3207 623 3246 155555
638 3199 700 3246 crat
717 3195 829 3244 Fratres
850 3199 888 3246 act

249 3259 331 3306 tiaras
345 3257 500 3306 canonicas
518 3257 651 3318 colliqere,
674 3257 751 3320 siqno
766 3259 888 3320 pulsato,

250 3319 282 3368 ut
299 3319 341 3368 est
357 3319 433 3380 apud
448 3319 629 3368 Eclieardum
644 3319 660 3366 J
664 3321 753 3370 unde
765 3319 887 3370 casibus

251 3379 278 3430 S.
294 3379 369 3428 Galli
385 3391 446 3440 cap.
459 3379 491 3428 3:
507 3379 603 3426 Primo
617 3379 694 3442 siquo
707 3381 744 3428 ad
762 3395 888 3444 vesperas

246 3441 367 3502 pulsata,
383 3439 507 3490 circator
521 3439 625 3498 fratres
636 3441 807 3502 collecturus,
821 3443 887 3490 ostio

248 3503 347 3550 domus
369 3499 480 3562 hospitii
504 3501 662 3562 appropiat.
687 3503 768 3552 Unde
794 3503 888 3552 eidem

250 3563 561 3624 §reciprocationes
578 3573 628 3612 seu
653 3557 761 3612 ἐπείκται
785 3565 888 3612 dicuu-

249 3625 306 3680 tur.
323 3635 384 3684 cap.
395 3625 411 3672 6
423 3637 428 3670 :
446 3623 538 3672 Tertia
548 3623 621 3682 feria
632 3623 810 3684 edacioribus,
821 3637 888 3686 qaas

251 3685 403 3736 circatores
413 3697 547 3742 vocamus,
560 3685 658 3744 culpas
672 3697 766 3734 eorum
784 3685 888 3748 anaqis-

248 3753 291 3796 tro
305 3745 778 3798 55551555555555,5555555555
786 3747 888 3808 juben*

250 3813 305 3856 tur.
319 3809 357 3856 Et
371 3809 459 3856 inira:
482 3807 522 3856 Ab
542 3805 727 3856 Eaactoribas
740 3807 819 3856 ittam
839 3821 888 3856 cur

248 3871 375 3918 tardaret
392 3867 618 3918 instaurantibus.
634 3869 676 3916 Ex
695 3869 726 3916 B.
743 3869 887 3918 Dorotheo

248 3931 405 3982 11551511.
427 3931 575 3988 colligitur
599 3929 795 3980 canonarchae
822 3931 888 3978 5151-

248 3995 326 4042 cium
343 3993 432 4042 tuisse
447 3991 624 4040 dormientes
637 3991 794 4040 Monachus
809 3991 887 4040 exci-

248 4057 310 4104 tare
324 4055 359 4104 ad
375 4053 490 4114 51511155
503 4053 599 4102 inedia
611 4053 694 4100 nocte
711 4053 741 4100 in
757 4051 886 4100 Ecclesia

248 4115 405 4166 obeundas.
422 4115 493 4164 Vide
519 4113 654 4174 capitula
676 4113 884 4162 ltonachorum

249 4177 276 4226 S.
294 4177 369 4226 Galli
384 4189 451 4226 ann.
476 4175 531 4226 etr.
551 4185 615 4236 cap.
638 4173 675 4222 14.
703 4173 741 4222 25,
771 4175 886 4222 8151515

249 4239 316 4288 Ord.
332 4239 547 4288 Praernonstrat.
569 4237 637 4288 dist.
655 4237 678 4288 2.
693 4247 754 4296 555.
771 4235 793 4282 4.
818 4235 885 4284 dist.

248 4303 271 4348 4.
287 4311 348 4360 cap.
360 4301 383 4350 8.
399 4301 589 4372 Benedictum
605 4297 654 4348 XI.
672 4297 726 4346 PP.
747 4297 777 4344 15
793 4297 885 4356 Epist.

248 4357 885 4472 5155155511555455;

249 4483 368 4532 Maximi
381 4483 476 4544 Episc.
486 4483 638 4544 Regiensis
651 4497 657 4532 ι
673 4479 799 4538 Quadam
809 4483 888 4528 nocte

248 4543 409 4592 imminente
422 4545 598 4594 celeberrima
613 4545 646 4592 B.
659 4543 778 4592 Andreae
797 4541 887 4588 soleii·

249 4603 348 4662 nitate,
360 4617 421 4654 cum
436 4607 585 4668 deputatus
608 4621 655 4668 eqo
674 4615 758 4652 essem
780 4603 828 4664 qui
851 4603 887 4650 ad

248 4663 358 4726 51511155
371 4667 527 4726 5551155515,
541 4671 589 4716 555.

281 4725 601 4788 0155455555515155
626 4727 756 4776 officium
778 4723 886 4774 151115

249 4785 387 4834 Ecclesiis
401 4787 630 4838 cathedralibus
654 4789 761 4836 Narrat
781 4787 887 4848 qnippe

248 4847 420 4896 Meurissius
432 4849 462 4896 in
474 4849 550 4900 Hist.
564 4849 698 4912 Episcop.
710 4849 886 4900 Elatensium

250 4907 369 4956 circorii
384 4907 533 4972 (Cercitier)
553 4921 603 4960 seu
621 4911 777 4962 circatoris
794 4909 887 4968 digni-

249 4969 342 5018 tatem
359 4967 528 5026 abrogatam
542 4973 572 5020 in
588 4973 719 5020 Ecclesia
732 4969 854 5020 Metensi
869 4981 887 5016 a

250 5027 401 5080 Oardinalc
412 5029 590 5090 Lotharingo
603 5033 744 5092 Episcopo
753 5029 885 5082 11515551.

249 5091 308 5140 Nec
317 5089 376 5140 scio
390 5101 426 5138 an
440 5089 494 5140 nac
503 5091 572 5140 olim
587 5095 712 5142 donatus
727 5093 886 5142 Adi‘entius

249 5153 379 5214 ejusdem
404 5151 540 5200 Ecclesiae
570 5155 751 5216 Episcopin,
777 5153 826 5214 qui
854 5153 886 5200 in

249 5213 379 5276 Epistola
393 5211 428 5260 ad
450 5213 605 5262 Nicolaum
618 5215 672 5262 PP.
687 5219 764 5276 apud
780 5215 884 5264 Baron.

249 5287 318 5326 555.
335 5275 387 5322 863.
402 5271 503 5322 scribit
518 5285 556 5334 sc,
576 5275 746 5334 priusquam
767 5275 886 5336 Episco-

249 5341 351 5400 patum
368 5335 585 5444 adipisceretur,
597 5331 629 5380 in
644 5335 774 5384 Eacabiis
793 5337 887 5398 templi

248 5397 331 5448 Beati
346 5395 410 5458 Step
431 5395 480 5444 ani
491 5395 710 5458 Protomartqris
725 5401 886 5456 occupatura

249 5461 351 5510 inisse.
372 5459 405 5508 Id
427 5459 516 5508 etiam
539 5467 657 5504 rursum
677 5457 765 5506 infert
781 5457 812 5504 in
829 5459 886 5506 alia

251 5523 273 5572 E
283 5521 382 5572 1151515
398 5521 473 5584 apud
488 5519 620 5568 eumdem
644 5517 803 5566 Baroniurn
818 5531 886 5568 ann.

250 5537 304 5634 8115.
323 5597 350 5634 n.
362 5583 402 5634 58
418 5581 534 5632 tametsi
547 5579 675 5630 Eccubia
686 5579 887 5640 utplurimum

1240 287 1303 354 CIR

939 449 1095 498 sumuntur
1107 463 1157 510 pro
1173 447 1281 508 vigiliis
1304 461 1352 498 555
1374 445 1452 496 horis
1466 445 1493 496 et
1508 457 1572 506 pre·

939 511 1021 560 cibus
1037 511 1186 560 nocturnis
1210 523 1272 570 555
1295 511 1324 558 15
1344 509 1473 558 Ecclesia
1493 517 1571 568 pera·

939 575 1057 630 guntur.
1070 573 1112 620 De
1124 571 1253 622 excubiis
1266 583 1330 620 vero
1342 583 1404 630 auae
1422 569 1528 618 fiebant
1542 567 1572 616 in

939 631 1068 682 Ecclesia
1084 633 1241 682 Parisiensi
1253 633 1283 680 15
1299 633 1372 682 15515
1392 629 1572 690 5555515115-

939 693 985 742 515
1000 693 1138 754 Deiparae,
1160 695 1200 742 515
1221 693 1326 742 Oliarta
1349 693 1469 742 loannis
1486 691 1572 748 Regis

938 753 1041 802 lirano.
1058 765 1125 802 555.
1141 753 1218 802 1358:
1241 755 1353 802 Dicebat
1368 755 1452 802 etiam
1473 751 1572 814 prafu-

939 821 983 862 tus
998 813 1158 874 Episcopus,
1175 815 1246 874 quad
1258 817 1468 874 praedecessores
1488 813 1531 862 551
1547 817 1572 862 55

939 875 996 936 5555
1011 877 1124 936 fueraut
1151 879 1176 924 55
1199 879 1280 924 55555
1302 877 1334 924 15
1355 877 1521 936 possessione
1547 881 1572 924 55

938 937 1045 986 saisina
1058 937 1230 984 custodiendi
1250 937 1401 986 Ecclesiam
1419 937 1450 986 B.
1478 937 1573 986 Maria

938 997 1115 1058 Parisiensis,
1139 1011 1172 1046 ac
1193 997 1254 1058 fieri
1277 997 1400 1058 faciendi
1425 999 1572 1058 Encubias,

939 1073 985 1108 555
999 1063 1112 1120 quotum
1125 1059 1156 1106 iii
1169 1059 1274 1118 ipsa,et
1285 1059 1314 1108 15
1327 1061 1408 1108 555515
1421 1061 1484 1108 locis
1488 1075 1573 1122 prope

938 1121 1036 1180 ipsam,
1048 1135 1099 1180 per
1121 1121 1276 1180 Burqenses
1295 1127 1319 1168 et
1340 1121 1492 1180 Officiarios
1511 1135 1573 1170 suos

938 1181 970 1228 in
982 1183 1078 1244 riqilia
1094 1181 1157 1240 festi
1171 1181 1374 1242 Asstunptionis
1384 1181 1417 1228 B.
1430 1183 1465 1232 tt.
1487 1183 1573 1244 Virqi-

939 1243 983 1290 nis
994 1243 1025 1290 in
1037 1243 1173 1306 principio
1186 1243 1219 1290 de
1232 1243 1269 1290 Te
1288 1243 1388 1300 Deum,
1403 1243 1451 1304 qui
1475 1249 1573 1292 canta-

939 1309 986 1354 tur
1004 1303 1035 1352 in
1055 1303 1111 1366 fine
1140 1303 1314 1366 Viqitiarum,
1330 1309 1356 1352 et
1378 1309 1443 1354 ante
1466 1305 1573 1366 princi-

936 1365 1014 1426 piutn
1028 1365 1165 1426 Laudem,
1180 1379 1264 1428 usque
1276 1367 1306 1414 in
1318 1367 1470 1414 crastinum
1487 1367 1573 1426 diem,·

938 1429 1125 1490 incedantque
1143 1435 1169 1476 et
1186 1427 1311 1476 incedere
1331 1435 1529 1478 consueuerant
1542 1429 1574 1474 in

938 1489 1018 1538 dictis
1040 1489 1457 1552 51511115Β55111555,055515511,
1481 1495 1507 1540 et
1523 1489 1574 1538 alii

938 1551 1064 1612 deputati
1076 1567 1110 1600 ec
1121 1555 1200 1612 parte
1219 1551 1348 1614 Episcopi
1362 1553 1399 1600 ad
1413 1549 1574 1612 faciendum

938 1621 1048 1674 quatum
1061 1613 1092 1660 in
1106 1615 1179 1662 dicta
1193 1613 1324 1672 Ecclesia,
1338 1627 1373 1662 ne
1385 1613 1497 1676 aliquod
1517 1627 1573 1662 ma·

938 1675 996 1724 luni
1009 1675 1111 1722 ibidem
1122 1675 1181 1736 siat.

970 1737 1170 1798 cinctionis,
1185 1737 1234 1796 qui
1261 1735 1427 1796 Visttatores,
1443 1735 1473 1786 15
1499 1737 1572 1786 Ocu-

938 1797 1004 1848 cilio
1016 1797 1178 1846 Laodicena
1201 1807 1263 1858 cap.
1276 1797 1314 1844 56,
1333 1797 1363 1844 in
1385 1797 1572 1846 (1155511188.

970 1857 1126 1914 81554515,
1140 1857 1288 1914 Visitatio,
1314 1855 1439 1904 Circatta.
1467 1855 1572 1906 Oharta

938 1919 1076 1968 Ludovici
1091 1919 1128 1966 H.
1147 1917 1234 1976 Regis
1254 1917 1362 1966 Ludov.
1380 1919 1425 1966 Pii
1442 1917 1475 1966 F.
1496 1917 1572 1978 apud

938 1979 1141 2028 Mabilloniurn
1162 1979 1377 2028 1551551155.
1406 1981 1453 2028 88.
1474 1977 1571 2028 Ordin.

939 2041 965 2090 S.
978 2041 1127 2090 Benedicti
1146 2051 1210 2100 pag.
1229 2039 1290 2088 iae:
1314 2039 1383 2088 Cum
1403 2045 1497 2088 autem
1519 2039 1574 2098 ipsi

938 2101 1067 2162 Episcopi
1081 2101 1248 2150 circationes
1272 2101 1387 2148 5555151
1401 2115 1481 2164 aqere
1493 2101 1573 2148 debe·
1589 2119 1594 2134 ·

937 2165 1008 2218 rent,
1033 2163 1070 2210 ad
1098 2175 1191 2210 eorum
1218 2161 1422 2210 mansionatica
1448 2163 1572 2224 daretur,

938 2223 1052 2284 quadiu
1067 2221 1275 2284 Capitularibus
1294 2229 1496 2272 antecessorum
1511 2237 1573 2272 nos-

938 2289 1045 2332 trorum
1053 2285 1247 2346 praescriptum
1262 2285 1387 2334 babetur.

969 2347 1170 2400 (1155555555.
1193 2347 1315 2406 denique
1342 2345 1572 2408 appellabantur,

938 2407 986 2466 qui
1002 2407 1063 2456 vice
1077 2407 1225 2456 Generalis
1237 2409 1327 2456 totius
1337 2407 1463 2464 Ordinis,
1474 2407 1573 2456 domos

938 2467 1338 2526 511155551551551511511551,
1358 2469 1431 2518 alias
1450 2467 1573 2516 Visitato-

938 2529 1073 2578 55551511.
1088 2529 1155 2578 Viia
1169 2531 1197 2578 8.
1213 2529 1365 2580 Gisleberti
1382 2529 1415 2576 de
1430 2527 1573 2590 85555555-

936 2591 1037 2650 qbam:
1052 2589 1273 2638 Sollicitudinem
1293 2589 1416 2638 oinniurn
1440 2589 1573 2638 Coenobio-

938 2665 1001 2698 runi
1015 2651 1092 2698 Darii.
1117 2653 1221 2714 Roqero
1241 2651 1335 2700 Priori
1359 2653 1488 2700 Maltonte
1502 2665 1574 2700 cora-

938 2713 1064 2760 misit
1089 2713 1137 2760 sub
1164 2727 1193 2762 eo
1215 2725 1277 2760 5555
1299 2711 1417 2774 51555115
1442 2711 1574 2774 qradibus

938 2773 1059 2822 marium
1074 2779 1100 2822 et
1123 2773 1293 2834 feminarum
1316 2787 1404 2820 unitrn
1431 2775 1472 2822 uel
1496 2773 1572 2830 ditos,

938 2847 1003 2896 quos
1025 2833 1184 2890 circatores,
1197 2835 1239 2882 551
1263 2847 1381 2882 summos
1400 2833 1573 2882 scrutatores

938 2893 1092 2966 appellant,
1107 2895 1155 2954 qui
1177 2895 1300 2944 omniunt
1313 2895 1456 2944 domorum
1471 2899 1574 2944 statum

939 2957 1086 3016 diliqenter
1107 2955 1290 3018 inspicerent,
1316 2961 1342 3004 et
1368 2961 1401 3004 at
1429 2961 1573 3018 oporteret,

938 3017 1113 3078 corriperent.
1141 3019 1182 3066 De
1203 3017 1248 3066 his
1275 3015 1458 3066 circatoribus
1481 3019 1574 3076 agunt

938 3079 1014 3128 idern
1040 3077 1219 3126 Gislebertus
1243 3079 1272 3126 in
1298 3079 1410 3136 Regula
1427 3089 1481 3126 sua
1506 3091 1572 3140 pag.

938 3139 1060 3188 155555.
1081 3141 1151 3188 torn.
1172 3139 1362 3188 euanescit
1378 3139 1489 3198 Anglic.
1514 3139 1573 3188 Sta-

938 3201 1002 3250 tuta
1016 3199 1082 3248 Ord.
1097 3201 1311 3250 Praemonstrat.
1328 3201 1395 3250 dist.
1415 3199 1437 3248 2.
1461 3211 1524 3260 555.
1548 3203 1572 3248 4.

938 3261 1124 3310 Burcbardus
1139 3261 1215 3310 Μ55.
1225 3261 1362 3310 deOasib.
1378 3261 1404 3310 S.
1419 3261 1494 3310 Galli
1510 3273 1572 3322 cap.

938 3323 961 3370 8.
977 3325 1112 3378 extremo,
1126 3323 1155 3370 et
1175 3321 1329 3372 Gervasius
1344 3319 1415 3372 Abb.
1432 3325 1574 3372 Prasmon-

938 3385 1020 3434 strat.
1033 3385 1124 3444 Epist.
1140 3383 1179 3430 47.

969 3445 1025 3492 Eos
1040 3447 1138 3492 autem
1154 3443 1202 3502 qni
1226 3443 1343 3492 nomine
1366 3443 1501 3502 Episcopi
1523 3443 1574 3490 Ec-

938 3505 1041 3554 clesias
1078 3505 1212 3552 dioecesis
1244 3503 1379 3562 51511551,
1406 3503 1573 3566 περιοδευτάς,

939 3565 1100 3622 circitores,
1127 3577 1177 3614 seu
1208 3563 1385 3622 circuitores,
1412 3565 1480 3626 (qua
1506 3577 1574 3614 voce

939 3627 1032 3676 utitur
1047 3625 1101 3686 leg.
1112 3625 1136 3674 6.
1160 3625 1212 3686 51.
1234 3625 1269 3672 D.
1295 3625 1443 3686 Excusat.)
1470 3627 1574 3674 vocant

938 3687 1101 3736 Concilium
1113 3685 1319 3746 Laodicenum,
1337 3687 1365 3736 et
1388 3685 1574 3736 iustinianus

939 3747 993 3806 leg.
1020 3747 1057 3796 41.
1089 3747 1119 3796 O.
1144 3747 1177 3796 de
1198 3747 1331 3808 Episcop.
1351 3747 1379 3796 et
1406 3747 1506 3796 alerio.
1520 3747 1575 3796 Per

938 3821 1032 3856 artinas
1046 3805 1195 3856 Parocbias
1218 3811 1243 3854 et
1270 3807 1439 3856 Monasteria
1462 3821 1518 3856 inas
1535 3813 1574 3856 555

938 3867 1079 3930 Ε51555515
1107 3867 1242 3926 circuire,
1269 3871 1299 3918 in
1327 3869 1434 3918 concil.
1465 3867 1575 3918 babilo-

938 3931 1020 3978 nensi
1034 3929 1170 3980 55511511.
1184 3941 1245 3990 555.
1262 3929 1300 3978 11.
1317 3929 1575 3978 555155131555155-

937 3991 1024 4040 anau
1041 3989 1089 4038 lib.
1103 3991 1125 4038 1.
1143 3991 1304 4038 1155551225
1321 3991 1376 4038 Hos
1393 3989 1522 4050 05155555
1534 3991 1576 4038 ita

934 4051 1055 4114 perfecte
1068 4051 1218 4112 superauit,
1232 4057 1368 4100 uteorum
1385 4063 1470 4098 causa
1484 4051 1575 4100 Perio-

937 4113 1032 4162 deutes
1043 4111 1129 4174 ficret,
1142 4117 1167 4160 et
1179 4125 1231 4174 per
1251 4111 1377 4174 51555155
1391 4125 1514 4174 quasque
1525 4127 1575 4162 55-

937 4175 980 4222 bes
988 4189 1040 4236 per
1052 4173 1192 4222 Orientem
1207 4173 1298 4222 eundo
1307 4173 1482 4236 praedicaret.

969 4237 1169 4294 OIEOATOEES,
1196 4237 1397 4296 inquisitores,
1423 4235 1499 4296 apud
1523 4237 1575 4284 Pe-

938 4299 1016 4346 trum
1027 4297 1061 4346 de
1077 4297 1177 4346 Vincis
1190 4313 1194 4344 :
1214 4297 1269 4346 Per
1279 4309 1323 4344 uos
1336 4311 1383 4344 seu
1394 4295 1575 4358 inquisitores

936 4365 1047 4414 uestros,
1063 4359 1110 4420 qui
1127 4357 1201 4406 inter
1220 4373 1265 4406 555
1285 4357 1436 4406 circatores
1451 4357 1575 4418 5515555-

938 4425 979 4468 155
989 4425 1203 4480 nuncupantur.

969 4481 1135 4530 1115555155
1160 4481 1264 4530 555551
1280 4479 1575 4530 premonstratenses

938 4541 1090 4592 districtus
1115 4541 1280 4604 circatoris,
1316 4555 1366 4592 scu
1396 4541 1573 4588 visitatoris.

937 4601 1145 4712 piqegstatuta
1164 4603 1295 4664 ejusdem
1309 4603 1377 4652 Ord.
1393 4603 1459 4650 dist.
1473 4601 1497 4648 3.
1511 4611 1572 4662 cap.

991 4725 1118 4780 OIROHA,
1130 4725 1296 4780 Districtus
1308 4725 1387 4774 intra
1397 4733 1483 4784 auem
1494 4723 1575 4770 circa

938 4785 1061 4834 exerceri
1078 4787 1172 4846 potest
1185 4801 1191 4844 ς
1210 4787 1317 4834 dicitnr
1341 4785 1376 4834 de
1388 4785 1574 4846 5511551555-

938 4847 1033 4906 fectis,
1045 4847 1076 4894 in
1092 4849 1164 4896 Stat.
1184 4851 1244 4896 aut.
1261 4849 1387 4898 Floreat.
1410 4843 1458 4894 lib.
1471 4845 1494 4894 3.
1511 4857 1574 4906 cap.

936 4907 990 4956 191.
1005 4921 1039 4956 ex
1053 4909 1119 4956 eod.
1134 4921 1191 4966 reg.
1208 4909 1284 4958 real:
1304 4909 1435 4956 Custodes
1448 4907 1575 4968 praedicti

937 4969 1080 5016 artium...
1106 4969 1213 5028 possint
1235 4969 1268 5016 in
1295 4969 1360 5018 tacis
1388 4975 1413 5018 et
1437 4981 1489 5030 per
1517 4969 1575 5016 loca

937 5043 1003 5140 qqiaed
1016 5029 1145 5078 custodia
1172 5043 1220 5078 seu
1249 5029 1352 5080 circlate
1377 5029 1419 5080 ire
1439 5035 1465 5078 et
1491 5037 1572 5080 55555.

965 5103 982 5140 n
1005 5103 1020 5140 e

967 5153 1185 5206 111155555555
1206 5155 1400 5216 appellantur,
1424 5155 1472 5214 551
1488 5155 1574 5204 rebus

937 5213 1062 5276 publicis
1082 5215 1234 5274 invigilare
1250 5227 1284 5264 ex
1300 5215 1397 5266 5111515
1412 5215 1527 5272 debent,
1542 5217 1573 5266 in
1596 5215 1599 5222 ’

938 5277 1010 5326 stat.
1028 5277 1132 5326 1151111,
1156 5275 1234 5326 rubr.
1250 5275 1304 5324 3711.
1318 5287 1383 5338 pag.
1403 5277 1441 5326 tt.
1458 5287 1500 5326 5οι
1520 5279 1575 5326 Ν55

938 5341 1065 5386 55555555
1078 5337 1239 5398 (saltarius)
1260 5337 1366 5386 subesse
1390 5339 1575 5388 circatoribus

937 5399 1088 5448 5551515515
1100 5399 1223 5454 Mutinae,¹
1239 5405 1288 5446 515.
1304 5399 1459 5460 circitores,
1470 5401 1575 5462 publici

936 5461 1011 5508 urbis
1025 5461 1157 5522 custodes,
1169 5461 1246 5522 apud
1265 5463 1350 5510 1555.
1364 5463 1395 5512 15
1410 5463 1536 5512 Amaltli.

968 5521 1573 5582 Oinousa,crastinancircurnire.Gloss.

935 5583 999 5634 Lat.
1013 5585 1112 5636 Graec:
1134 5581 1250 5632 circitat
1273 5593 1297 5634 55
1325 5585 1426 5648 circat,
1450 5587 1572 5636 5551515.

1868 281 1931 350 eia

1620 443 1706 506 [Male
1725 449 1754 498 15
1775 447 1977 512 Supplemento
1991 441 2164 502 Antiquarii,
2189 439 2251 514 cire

1621 511 1716 554 55155;
1732 509 1882 560 5111511551
1908 509 2012 568 Circae,
2042 503 2164 562 5551515,
2195 505 2252 554 cir-

1622 579 1722 624 cumeo,
1739 571 1843 632 tustra]
1859 571 1951 620 Gloss.
1968 571 2025 618 MS.
2054 565 2129 616 Bibl.
2157 565 2226 624 neg.
2243 581 2248 614 z

1622 627 1722 686 circat,
1735 631 1836 678 circam
1849 631 1925 694 facit.
1940 629 2087 694 [Bernard.
2103 627 2177 676 Ordo
2187 627 2250 676 Olu-

1622 689 1695 736 niac.
1710 693 1783 748 part.
1796 691 1820 738 1.
1837 693 1929 752 5553.
1939 693 2070 742 dePriori
2084 689 2252 738 claustrali:

1622 749 1710 798 Factis
1723 751 1917 800 orationibus...
1939 753 2063 814 circatis,
2078 755 2108 800 ut
2128 763 2184 800 mos
2205 753 2253 812 est,

1622 811 1725 868 stratis,
1752 811 1844 860 Ciroat
1863 815 2017 864 necessaria
2033 829 2050 862 a
2065 813 2154 874 capite
2170 825 2256 874 usque

1622 873 1659 922 ad
1671 871 1764 934 finem,
1783 887 1816 920 ne
1831 873 1900 932 forte
1915 877 1975 934 quis
1987 877 2025 924 ibi
2041 883 2184 938 soporatus
2198 875 2255 934 fue-

1621 937 1658 982 rit
1675 935 1844 982 rentanendo
1852 947 1861 994 ,¹
1875 933 1993 996 indeque
2009 939 2045 986 ad
2058 937 2255 986 Monasteriuni

1621 1001 1767 1054 reuertens,
1780 995 1871 1042 circat
1883 997 1976 1044 omnia
1986 997 2091 1048 altaria
2103 1005 2129 1048 55
2142 999 2256 1060 5555155

1621 1059 1803 1108 membrorum
1819 1055 1954 1126 Ecclesiae,
1970 1059 2030 1120 etc]
2052 1059 2182 1110 Historia
2194 1061 2252 1110 MS.

1622 1121 1767 1170 Bellorum
1790 1117 2004 1174 Hierosolymit.
2023 1123 2198 1170 vernacula:
2221 1121 2255 1170 Lt

1622 1183 1674 1244 tius
1688 1183 1725 1228 du
1739 1177 1858 1228 Marcbis
1880 1175 1975 1248 Cierca
1997 1179 2025 1226 la
2040 1181 2099 1240 cite',
2111 1195 2181 1242 pour
2195 1183 2253 1232 5515

1622 1257 1650 1292 55
1665 1243 1704 1292 515
1716 1241 1794 1290 estoit
1805 1239 1868 1288 bien
1889 1251 1986 1300 qarnie
2010 1241 2043 1288 de
2066 1243 2178 1300 similla,
2191 1251 2217 1294 et
2231 1245 2255 1294 si

1622 1317 1678 1354 corn
1696 1303 1716 1350 il
1738 1303 1859 1352 Cercboit
1867 1315 1878 1360 ,·
1892 1301 1912 1348 it
1927 1303 2023 1372 tropea
2048 1303 2086 1350 155
2108 1303 2254 1354 bannieres

1622 1367 1655 1414 de
1670 1363 1813 1414 Salebadi.
1835 1363 1911 1414 Hinc
1935 1361 2030 1412 cilicia
2054 1375 2107 1412 vox
2130 1363 2254 1436 circiter,

1622 1425 2257 1562 5.5555555515555

1622 1545 2256 1672 111115111111111151111101111111151

1622 1671 2047 1734 115115.551155515555115.
2065 1671 2130 1720 Ital.
2147 1673 2215 1720 torn.
2231 1671 2255 1720 5.

1622 1735 1674 1784 col.
1688 1735 1749 1784 191:
1766 1733 1847 1782 Saluo
1859 1739 1948 1796 pacto,
1962 1735 2034 1796 quod
2044 1747 2096 1794 pro
2115 1731 2256 1780 circanda

1620 1797 1751 1856 parocbia
1764 1809 1868 1856 semper
1888 1795 1967 1844 tertio
1980 1807 2056 1842 auno
2075 1793 2151 1842 nobis
2172 1795 2255 1842 done-

1622 1861 1676 1904 tur.
1691 1857 1762 1906 Vide
1781 1869 1846 1906 mox
1862 1855 1999 1918 circada]
2233 1915 2238 1926 .

1652 1915 1665 1978 1
1678 1917 1826 1966 01554515
1844 1917 1957 1968 Aenea.
1973 1917 2049 1966 Hist.
2065 1917 2188 1966 Monast.
2206 1915 2256 1964 Vi·

1622 1977 1767 2028 caniensis
1781 1979 1857 2038 apud
1869 1981 1991 2030 Marten.
2000 1983 2070 2030 tom.
2081 1979 2105 2026 6.
2118 1979 2253 2038 Ampliss.

1623 2039 1738 2088 Oollect.
1752 2041 1804 2088 col.
1819 2041 1881 2090 306:
1904 2041 2038 2090 illucessit
2051 2053 2114 2102 erqo
2129 2041 2194 2096 dies,
2210 2051 2255 2086 ae·

1622 2099 1665 2146 nit
1677 2101 1744 2146 bora
1757 2101 1881 2160 55511511,
1898 2103 1952 2162 fuit
1969 2101 2006 2150 ibi
2024 2101 2122 2158 Abbas,
2136 2101 2255 2164 qualiter

1622 2175 1684 2208 suos
1710 2161 1791 2210 socios
1814 2165 2052 2220 scandalizaverit,
2086 2175 2152 2224 quos
2174 2161 2256 2224 prius

1622 2235 1781 2272 ariintonere
1805 2223 1912 2280 debuit;
1936 2223 2019 2272 etiam
2045 2225 2112 2286 quid
2135 2221 2255 2272 [11555515

1622 2283 1707 2346 555515
1719 2289 1744 2332 55
1758 2287 1893 2344 repererit
1904 2283 2057 2344 enarravit,
2075 2291 2099 2332 et
2117 2319 2123 2332 .

1652 2347 1668 2380 a
1682 2345 1818 2404 411555,
1833 2347 1961 2404 cincun,
1971 2347 2097 2406 canalis
2108 2347 2186 2396 15555
2201 2345 2252 2394 cir·
2270 2361 2271 2364 ¹

1623 2419 1689 2456 curu
1702 2407 1802 2456 urbem
1823 2409 1925 2466 ducta;
1949 2409 2025 2458 unde
2046 2419 2160 2458 nornen.
2183 2407 2255 2454 8151.

1623 2469 1726 2518 Mutin.
1738 2467 1816 2516 rubr.
1829 2469 1852 2516 1.
1861 2481 1926 2530 555.
1937 2469 1965 2518 1:
1982 2467 2127 2518 Statutuni
2137 2473 2175 2516 est
2185 2467 2257 2528 quod

1619 2533 1740 2592 potestas
1755 2533 1883 2578 teneatur
1902 2529 1995 2578 circas
2010 2531 2128 2578 ciuitatis
2142 2529 2268 2584 Mutina*

1623 2591 1718 2640 catari
1730 2591 1821 2650 facere
1840 2597 1865 2638 et
1885 2591 1987 2650 aptari.
2006 2593 2070 2642 Alia
2092 2603 2159 2662 555.
2185 2589 2256 2638 1327.

1623 2653 1854 2762 551511·
1873 2653 2163 2782 latitatis..
2184 2651 2256 2782 tiit

1625 2773 1802 2834 0155155555
1815 2779 1880 2822 sunt
1894 2773 1968 2822 51555
1978 2773 2257 2830 515115555555555555

1622 2835 1739 2884 debeant
1759 2841 1784 2884 et
1806 2833 1940 2896 reaptari.
1961 2837 2033 2884 8151.
2053 2835 2151 2884 Ρ5155.
2166 2833 2216 2882 lib.
2231 2833 2255 2882 2.

1623 2907 1686 2956 cap.
1711 2895 1749 2944 70.
1776 2907 1841 2956 pag.
1865 2897 1927 2944 129:
1958 2893 2101 2944 Statutum
2126 2899 2164 2944 est
2184 2895 2258 2956 quod

1623 2957 2028 3018 551155555555...5555555151
2042 2957 2075 3004 de
2095 2955 2140 3004 die
2161 2957 2201 3004 cel
2222 2955 2257 3004 de

1622 3015 1813 3078 noctepiscari
1835 3017 1875 3064 uel
1894 3017 1999 3078 piscari
2013 3019 2103 3078 facere
2126 3017 2256 3078 infossis,

1622 3079 1768 3138 redefossis
1781 3079 1823 3124 uel
1835 3077 2001 3138 sparafossis
2021 3079 2116 3136 rocha,
2136 3079 2219 3124 castri
2231 3085 2259 3124 et

1624 3139 1723 3188 circha
1745 3137 1855 3198 Bucett,
1881 3143 1929 3186 etc.
1947 3137 2051 3188 chron.
2068 3139 2144 3188 Petri
2162 3139 2258 3188 Azarii

1623 3201 1700 3312 55
1716 3199 2259 3320 551555.55555

1623 3331 1727 3372 erectas
1735 3327 1929 3382 posuerunt,...
1952 3335 2056 3370 saturno
2071 3335 2154 3370 mane
2171 3323 2259 3370 obses-

1623 3397 1695 3432 sores
1716 3383 1920 3444 aqqressionein
1942 3383 2077 3442 fecerunt,
2093 3385 2118 3430 et
2132 3383 2259 3444 projectis

1625 3445 1707 3506 liquis
1721 3443 1753 3490 in
1766 3443 1870 3492 Circbis
1886 3443 1917 3490 in
1929 3443 2057 3502 pluribus
2067 3443 2205 3502 partibus,
2218 3457 2259 3492 re-

1624 3505 1728 3564 fossum
1745 3501 1833 3550 subito
1847 3503 2033 3562 transierunt,
2045 3509 2094 3552 555.

1657 3565 1801 3622 cinctui,
1819 3565 1963 3622 0155455,
1982 3565 2259 3624 55555555155151-

1625 3631 1672 3678 tur
1691 3627 1833 3690 Episcopo
1851 3625 1902 3674 aut
1916 3625 2128 3676 Archidiacono
2147 3623 2183 3676 ab
2205 3627 2260 3676 Ec·

1625 3687 1721 3736 5155115
1744 3697 1795 3748 pro
1816 3685 1991 3756 visitatione,
2008 3685 2259 3760 1155151555515-

1625 3745 2260 3878 ittsttctit.tacitistacitis}

1625 3881 1693 3918 nam
1720 3881 1837 3916 circuire
1856 3869 2004 3928 parochias
2030 3883 2094 3918 5555
2123 3871 2261 3922 dicuntur

1625 3931 1771 3990 Episcopi,
1799 3931 1876 3990 apua
1903 3929 2073 3988 Gregorium
2096 3931 2134 3982 M.
2164 3931 2214 3982 lib.
2235 3933 2260 3982 3.

1625 3991 1819 4050 1115155555.
1846 3991 1885 4038 38.
1914 3991 2086 4052 5511555511
2109 3993 2261 4044 Oircadatn

1625 4051 1686 4108 alii,
1704 4051 1928 4100 circumitionem
1950 4053 2053 4102 vocant
2081 4053 2260 4116 Capitularia

1626 4111 1721 4162 Oaroli
1739 4111 1768 4160 O.
1795 4111 1840 4160 tit.
1864 4111 1888 4160 5.
1912 4111 1954 4172 [as
1974 4113 2080 4172 synod.
2102 4127 2149 4178 ap.
2165 4115 2259 4162 Tolos.

1625 4185 1694 4244 anu.
1709 4173 1764 4244 544.
1787 4173 1878 4244 Perti.
1901 4185 1966 4236 pag.
1985 4175 2052 4236 378]
2070 4187 2132 4246 cap.
2152 4171 2259 4222 5515.

1628 4233 1832 4294 circuitionem,
1839 4231 1954 4286 libellus
1964 4237 1999 4286 de
2009 4233 2171 4286 Abbetlbus
2180 4233 2261 4282 Gem-

1627 4293 1820 4354 blacensibus,
1841 4299 1913 4346 Acta
1937 4299 2147 4360 Episcoporum
2170 4295 2261 4342 Oeno-

1625 4369 1703 4468 til.
1718 4357 1749 4468 11
1765 4357 2014 4480 {titillata
2030 4361 2075 4470 it
2090 4355 2259 4464 θ1111111·

1624 4479 1704 4528 Adde
1719 4479 1768 4528 lib.
1781 4481 1804 4528 7.
1821 4493 1884 4542 cap.
1897 4483 1951 4532 iae.
1967 4477 2262 4544 [511148511555111515

1625 4543 1701 4600 apud
1718 4543 1744 4590 S.
1759 4543 1888 4592 Macram
1900 4555 1969 4592 ann.
1982 4541 2037 4590 881.
2054 4551 2115 4598 cap.
2130 4537 2153 4586 8.
2168 4537 2268 4606 Hinc-⁸

1626 4613 1723 4652 marus
1736 4603 1829 4664 Epist.
1845 4605 1881 4652 ad
1897 4603 2006 4654 Ludov.
2021 4603 2058 4650 11.
2070 4601 2141 4656 1155.
2154 4597 2241 4658 cape
2254 4615 2259 4646 z

1631 4663 1662 4710 Ut
1677 4663 1804 4712 Ecclesia
1823 4665 1854 4712 in
1873 4665 1924 4714 isto
1943 4673 2091 4726 55555555
2105 4659 2262 4708 occasiona-

1625 4723 1690 4774 biles
1706 4725 1848 4788 circadas,
1861 4729 1888 4774 et
1903 4739 1953 4786 per
1965 4721 2106 4772 indebitas
2118 4725 2262 4768 consuetu-

1625 4785 1753 4836 dinarias
1784 4789 1968 4836 coactiones...
2002 4797 2057 4832 non
2079 4781 2259 4852 'affliqantur

1625 4849 1736 4898 Notitia
1760 4849 1914 4900 isamberti
1935 4845 2031 4906 Episc.
2053 4845 2163 4892 Pictav.
2185 4847 2262 4906 apud

1625 4909 1754 4960 Beslium
1769 4911 1800 4960 in
1814 4911 1908 4970 Episc.
1923 4909 1995 4956 Pict.
2009 4905 2079 4954 :Nec
2090 4905 2201 4966 aliquid
2210 4921 2264 4968 pro

1624 4969 1680 5020 illis
1690 4971 1807 5020 ulterius
1814 4975 1915 5032 prater
1922 4967 2069 5026 Sunoduut
2078 4969 2102 5014 et
2116 4967 2265 5018 circadam

1624 5031 1833 5080 Pictaoensibus
1852 5027 1995 5090 Episcopis
2021 5027 2127 5078 debeat.
2156 5031 2264 5080 Charta

1625 5095 1752 5154 Philippi
1767 5091 1902 5154 Episcopi
1925 5089 2038 5140 Belvac.
2060 5093 2136 5152 apud
2156 5093 2264 5144 15555-

1624 5157 1687 5206 tum
1707 5157 1724 5204 l.
1748 5155 1776 5202 1:
1800 5153 1984 5212 Nequaquam
2004 5155 2099 5200 tatiien
2118 5153 2265 5216 5518555-

1625 5217 1691 5266 dum
1718 5215 1878 5272 555155,555
1901 5227 2028 5274 unquam
2050 5229 2160 5262 censura
2184 5215 2265 5266 illum

1625 5277 1672 5338 qui
1688 5275 1808 5326 circada
1833 5281 2024 5336 nuncupatur,
2043 5279 2192 5338 persoluat.
2215 5281 2265 5328 lvo

1625 5341 1740 5388 Oarnot.
1765 5335 1856 5398 Epist.
1881 5335 1947 5384 286:
1964 5337 2117 5386 Ecclesiam
2132 5341 2165 5388 de
2184 5339 2262 5388 Mun·

1625 5399 1705 5448 donis
1718 5397 1785 5446 uilla
1801 5397 1915 5446 liberam
1929 5411 1946 5446 a
1962 5397 2074 5460 Sunodo
2095 5409 2120 5450 et
2146 5401 2266 5450 circada

1625 5467 1650 5510 et
1661 5459 1737 5506 omni
1748 5457 1899 5530 ecaetiope.
1912 5459 2009 5522 [Bulla
2018 5463 2077 5512 MS.
2086 5463 2217 5514 Silvestri
2227 5463 2265 5512 ΙΙ.

1624 5533 1674 5584 555
1703 5521 1879 5572 1155551555
1905 5521 2106 5584 Burgoliensi:
2136 5523 2266 5574 Ecclesia

1625 5589 1719 5632 cirtem
1732 5581 1820 5644 ipsius
1835 5583 1997 5634 Monasterii
2011 5589 2040 5636 in
2051 5587 2268 5650 qiittuscumqae
