5076 6258
561 227 639 298 cta

279 401 372 456 tellus,
390 399 552 460 scalpellus,
576 399 681 448 nostris
707 397 828 452 00441444.
848 405 903 454 Lit.

279 463 387 512 remiss.
408 473 474 510 40444.
504 459 572 508 1333.
590 461 621 508 in
643 461 711 520 neg.
737 461 789 512 tat.
815 465 903 514 Oliar-

278 527 355 586 40014.
368 537 425 584 reg.
442 523 486 572 ch.
501 521 548 570 at:
564 521 603 570 Dc
617 521 734 584 artadum
748 527 843 574 eutelio
857 541 904 574 sea

279 581 629 644 00440410444004444044444
648 583 811 644 diametrum
830 587 903 636 Jaco-

276 647 383 696 1444444144
406 647 491 692 altera
509 645 682 692 brachiorum
706 659 817 692 suarum
839 663 903 710 perr-

275 707 364 756 cussit.
380 707 448 756 Aliae
477 719 543 756 0440.
572 707 639 756 1400,
656 707 685 756 in
707 707 774 768 neg.
791 707 843 756 155.
857 711 903 758 ch.

274 769 333 818 288:
350 767 425 818 idem
437 767 552 816 10000444
563 767 675 818 babebat
686 783 774 818 unum
785 783 904 830 paratim

274 839 416 890 ortanum,
434 829 536 878 Gallice
552 829 672 888 Cuilibet,
686 837 711 878 et
727 831 830 878 colebat
842 845 903 890 per-

273 899 363 1000 cutere
374 893 475 998 tilletum
484 891 621 940 1104140044
631 905 681 954 per
695 893 903 942 0444404411ᾱο

296 965 382 1012 04444444
398 965 435 1000 as.

302 1013 317 1046 u
330 1013 481 1076 0141114114,
503 1015 629 1074 Lignum
655 1013 806 1074 quoddam,
829 1013 900 1062 Gall.

274 1073 415 1122 0140441044.
433 1075 563 1138 0004004.
576 1089 643 1124 000.
662 1073 730 1124 1441.
746 1085 780 1124 ex
800 1073 900 1124 Tabul.

273 1135 298 1184 S.
314 1135 405 1186 Vullr.
420 1135 560 1186 4004444111.
575 1139 622 1186 101.
646 1135 684 1184 44.
698 1145 747 1182 ra:
772 1133 839 1182 Item
850 1149 902 1196 pro

271 1209 329 1244 44440
341 1197 461 1244 Galilaia
475 1199 516 1258 444.
527 1201 573 1246 404.
586 1199 637 1258 iiij.
652 1195 713 1242 den.

303 1257 324 1304 1.
342 1255 458 1316 cnuth,
473 1259 615 1312 Mensura,
629 1265 684 1314 qua
698 1265 808 1316 pannos
822 1257 902 1304 meti-

270 1327 343 1372 mur,
358 1317 489 1376 [Hebreis
514 1331 556 1366 nr:
581 1315 679 1374 Kenab,
699 1315 774 1364 unde
795 1317 901 1364 Grauis

270 1377 400 1428 41444441
417 1377 514 1438 uia-ru]
526 1377 616 1432 italis,
630 1375 737 1430 Canna,
755 1377 901 1424 Occitanis

271 1437 355 1496 Carta,
378 1439 469 1486 Ardae
491 1445 517 1486 et
540 1437 634 1496 4404444,
662 1449 768 1484 mesure
795 1437 902 1484 44414441

265 1499 371 1556 parisii
392 1511 514 1546 rnesurcr
537 1499 560 1544 le
583 1497 663 1556 drap,
684 1495 749 1556 [hoc
771 1501 814 1546 est
837 1501 900 1546 ocio

267 1559 450 1654 {salinorum}
465 1559 585 1606 Constit.
599 1559 702 1606 Siculae
715 1555 763 1606 140.
777 1559 899 1608 atltae.

269 1621 304 1678 st
314 1637 318 1668 :
330 1621 490 1668 Mercatores
501 1619 899 1682 004444440440444044440444104,

266 1693 314 1728 seu
327 1683 364 1728 ad
380 1679 468 1738 falsas·
482 1691 634 1734 incissuras,
652 1679 764 1728 Cannas
785 1683 811 1728 at
830 1693 900 1742 pait-

267 1739 335 1790 dera
350 1739 540 1796 distrahentes,
554 1745 601 1786 etc.
617 1741 747 1788 Occurrit
770 1739 810 1790 101
834 1741 900 1802 4410-

268 1803 333 1850 ries.
352 1801 525 1850 Consuetud.
548 1801 624 1850 Eccl.
647 1801 681 1850 de
706 1803 833 1862 Regula:
860 1801 900 1850 De

269 1861 382 1918 Cannis,
404 1861 501 1920 quibus
521 1861 612 1920 polani
635 1861 803 1910 venduntur.
829 1863 900 1914 Vide

268 1923 309 1970 10.
329 1919 499 1986 0010040040
514 1921 594 1972 libi.
608 1925 641 1974 de
653 1925 784 1984 Episcop.
798 1925 900 1974 Valen-

268 1983 318 2030 tin.
336 1995 414 2030 444440.
429 1981 467 2030 54.
481 1981 547 2030 Fori
564 1985 722 2032 3400140οι
747 1985 797 2032 Les
816 1985 900 2046 draps

267 2057 294 2090 se
303 2041 387 2090 deben
396 2055 526 2088 rncnsura
539 2057 555 2090 a
570 2043 671 2102 Canas,
683 2045 787 2106 44444404
799 2045 899 2102 Canas,

268 2117 285 2150 a
294 2117 402 2164 pannis,
417 2107 442 2150 et
458 2115 491 2150 na
512 2117 528 2150 a
541 2117 641 2152 annas.
662 2105 738 2154 Hinc
762 2105 898 2162 Cannam.

269 2165 336 2212 ulna
350 2163 453 2214 0404444,
470 2165 498 2210 in
524 2165 647 2214 Statutis
668 2165 900 2216 Massiliensibus

268 2225 345 2274 Mss,
358 2235 423 2272 000.
440 2223 507 2270 1174.
525 2223 574 2272 110.
590 2225 618 2272 1;
634 2225 673 2274 114
691 2225 795 2274 duabus
807 2225 900 2288 probis

267 2285 331 2332 uiris
346 2283 545 2332 constituendis
557 2285 595 2332 ad
607 2299 717 2346 patinos
731 2287 861 2334 ridendas
874 2293 900 2336 ct

269 2347 444 2394 0044004004.
458 2345 600 2406 [Occurrit
614 2347 644 2396 in
658 2347 743 2396 editis
756 2361 821 2410 pag.
843 2347 898 2396 135.

268 2407 319 2456 305.
337 2405 389 2454 405.
403 2407 430 2454 44
446 2405 516 2454 alibi
529 2417 586 2454 000
605 2407 703 2456 semel.
725 2407 801 2458 Hinc
826 2407 899 2456 Can-

269 2465 344 2514 40440
358 2467 387 2514 iu
401 2465 501 2514 iisdem
516 2467 639 2516 Statutis
651 2467 738 2516 editis
751 2481 816 2530 pag.
834 2469 899 2532 133]

297 2527 606 2584 andhulidamma
629 2529 701 2586 agri.
725 2527 899 2588 [0144004000

269 2589 410 2646 Farlense,
424 2589 500 2650 apud
514 2589 651 2638 Murator.
663 2593 732 2638 tom.
747 2591 770 2638 3.
785 2593 858 2652 pari.
874 2591 899 2640 3.

268 2651 318 2698 001.
330 2651 375 2698 513
385 2665 389 2696 :
403 2649 524 2696 1400444444
533 2649 610 2710 114490
619 2649 708 2698 Αο004
718 2651 839 2712 suscepit
848 2665 900 2712 per

269 2709 451 2758 cottcambium
478 2711 516 2756 ad
541 2723 608 2768 aptis
630 2711 713 2770 bajus
739 2713 900 2760 rnonasterii

269 2785 309 2818 res
332 2771 367 2818 ad
390 2771 480 2818 44404440
506 2783 584 2820 xxti.
605 2783 656 2828 per
683 2773 899 2834 iritumauodmte

268 2831 386 2880 modium
397 2831 526 2878 habentia
537 2829 833 2892 4040440444441404404
844 2845 897 2882 xx.

269 2893 339 2940 etin
357 2891 504 2940 latitudine
518 2891 548 2938 in
563 2891 637 2942 04444
655 2893 708 2938 4000
732 2891 844 2940 Cannas
866 2905 897 2942 x.

269 2953 305 3000 ad
318 2953 444 3002 00440444
454 2953 555 3014 raedam
571 2963 600 3002 x.
622 2951 737 3012 4404444444
760 2951 897 3002 cubitalis.

269 3015 378 3062 Pluries
389 3015 511 3062 occurrit
525 3011 633 3062 ibidem
646 3013 699 3060 col.
712 3011 766 3062 613.
779 3015 899 3062 Ordina-

269 3073 308 3123 tio
326 3073 440 3122 Anderii
455 3077 482 3122 44
495 3071 636 3122 Remondi
646 3071 773 3120 Aureilla
787 3073 822 3122 de
835 3071 898 3122 abe-

269 3135 400 3182 rraturiis
425 3133 523 3192 niceni
546 3131 678 3182 Rhodani
701 3145 770 3182 000.
793 3133 862 3182 tata.
884 3145 898 3182 4

270 3195 326 3242 MS.
342 3197 374 3242 D.
389 3193 494 3242 Brunet
510 3193 556 3242 101.
572 3193 618 3242 644
649 3191 729 3240 Viam
748 3193 897 3262 publicam,

269 3269 326 3314 atim
336 3255 431 3302 babeat
443 3255 471 3302 in
481 3253 629 3302 latitudine
640 3253 782 3302 duodecim
796 3253 897 3302 Canas.

270 3317 416 3364 Sententia
442 3315 696 3374 Domnromissoria
722 3327 790 3364 ann.
827 3317 897 3364 1333.

269 3377 343 3424 iuter
362 3377 483 3424 Soliedas
506 3377 538 3422 D.
569 3377 601 3422 de
626 3373 807 3434 Maaauaaes:
836 3375 900 3430 Qua

269 3435 373 3496 attidem
387 3437 428 3484 cia
443 3435 474 3482 44
493 3435 642 3482 latitudine
663 3435 756 3482 Canas
777 3435 898 3482 continet

269 3497 306 3542 ib.
338 3497 465 3558 Epistola.
488 3497 644 3546 Clementis
668 3495 717 3542 iV.
749 3495 803 3544 ΡΡ.
830 3507 897 3542 ann.

271 3557 422 3614 1001440041
436 3557 555 3606 Marten.
579 3559 647 3604 tom.
667 3555 690 3602 2.
716 3555 822 3604 Arrecd.
843 3555 897 3604 col.

270 3617 314 3662 454
329 3633 333 3664 :
351 3617 465 3664 00444014
482 3615 604 3664 Ecclesia
620 3615 777 3664 eorumdem
792 3619 898 3662 trecen-

272 3681 360 3722 tarum
383 3677 543 3724 Cannarum
566 3677 653 3738 spatio
677 3689 733 3722 4404
761 3675 897 3734 distaret]

269 3733 426 3794 [arcuata
442 3737 589 3786 4001013.
608 3749 651 3798 ap.
677 3737 843 3796 Schmpnin.
867 3737 897 3784 in

270 3795 357 3842 alsat.
380 3797 500 3856 Diplom.
524 3797 577 3846 rol.
601 3797 624 3844 1.
647 3807 713 3854 pag.
738 3797 792 3846 471.
816 3807 897 3842 nuru.

271 3855 316 3900 000
328 3869 332 3900 :
346 3857 491 3904 Ecclesiam
503 3863 673 3914 construant,
686 3869 745 3916 quae
765 3869 781 3904 a
803 3863 897 3904 nostra

271 3913 351 3960 distet
368 3915 403 3960 ad
417 3917 534 3974 spatium
551 3931 606 3964 non
619 3917 711 3962 4444444
734 3929 820 3976 quam
842 3917 897 3964 100.

272 3975 460 4022 Carinarum...
499 3991 554 4024 nan
586 3979 707 4024 obstante
735 3977 896 4038 4440444940,

269 4033 386 4094 4444041440
399 4049 452 4082 lton
473 4037 624 4098 edificanda
641 4049 725 4100 prope
749 4051 797 4086 404
820 4037 898 4098 infra

269 4097 322 4144 140.
337 4095 498 4144 Cannarum
512 4097 641 4156 quosdam
653 4105 801 4146 conuentus
821 4099 898 4146 nobis

268 4155 362 4204 asede
381 4157 526 4214 apostolica
545 4163 583 4204 est
602 4159 766 4220 indultam]
791 4159 898 4208 Charta

267 4227 335 4264 anit.
353 4215 421 4262 1450.
439 4217 512 4274 apud
527 4217 679 4268 loffredum
701 4221 729 4266 40
747 4219 898 4280 Episcopis

266 4275 453 4324 Niciensibus
468 4287 531 4334 paa-
549 4277 609 4324 181:
635 4277 762 4328 Tradidit
782 4281 898 4340 qualiti-

266 4343 349 4384 tatem
368 4337 444 4394 infra
459 4335 589 4392 scriptum
602 4341 679 4384 terrae
694 4355 777 4388 4040...
805 4341 899 4388 taliter

265 4399 455 4452 tertninatam,
470 4395 592 4442 uidelicet
605 4409 621 4442 a
635 4399 707 4446 mari
725 4399 838 4448 0044404
857 4401 897 4448 35.

263 4473 280 4504 a·
296 4457 490 4520 Septentrione
511 4455 622 4502 004404
649 4459 687 4506 40.
713 4465 761 4508 410.
790 4463 897 4508 Dharia

263 4531 330 4570 aun.
356 4519 425 4568 1411.
451 4519 480 4564 40
506 4517 543 4564 30.
566 4517 686 4586 14444440
710 4521 896 4584 Oliartophrl.

263 4581 344 4640 licuit
362 4581 468 4628 Charta
481 4579 544 4628 221:
563 4577 646 4624 Data
668 4583 820 4632 transitum
842 4583 897 4630 siue

262 4643 335 4690 uiam
350 4641 442 4690 decem
456 4641 621 4688 Cannarum
633 4637 663 4684 in
676 4641 833 4700 latitudine,
847 4649 895 4690 etc.

264 4703 345 4748 Bulla
362 4703 519 4750 Clementis
533 4701 580 4748 Vl.
590 4701 644 4746 ΡΡ.
658 4703 805 4754 4001340.
821 4705 896 4764 apud

264 4763 414 4820 Waddiug.
442 4763 510 4810 4040.
535 4763 567 4808 3:
593 4761 750 4808 asserentes
779 4765 898 4814 4444440444

262 4823 349 4870 locum
366 4827 481 4870 uestrum
499 4837 515 4868 a
527 4823 581 4870 loca
593 4823 714 4884 ipsorum
724 4827 836 4874 40444444
847 4839 899 4886 per

262 4883 315 4934 135.
344 4885 455 4932 Curinus
484 4883 597 4934 distare.
626 4883 705 4934 Adde
740 4887 898 4946 Ughellum

262 4945 537 4994 iom.i.1ial.sacr.
558 4957 622 5006 pag.
647 4945 700 4994 303.
725 4945 765 5006 [44
793 4949 898 4994 Alcan-

262 5005 345 5054 drum
365 5007 394 5054 in
410 5007 610 5066 Explicalione
631 5007 748 5056 Tabula
772 5007 899 5054 Heliacas

261 5067 379 5126 440031.
393 5067 442 5116 001
463 5065 589 5114 Cannam
620 5067 687 5116 hinc
710 5067 821 5116 dictam
847 5067 898 5122 014,

262 5129 336 5186 (ruod
366 5129 394 5176 in
422 5141 557 5186 agrorum
587 5129 768 5186 aliarumque
802 5139 899 5174 rerum

262 5187 469 5236 metationibus
499 5189 609 5236 arundo
638 5189 725 5236 fuerit
757 5187 898 5236 adhibita.

262 5249 315 5304 001
337 5249 485 5296 civitatem
512 5249 565 5298 Dei
589 5249 764 5298 metiebatur
788 5249 899 5308 Apoca-

261 5305 350 5366 lypsis
374 5309 411 5356 31.
440 5321 608 5358 mensuram
632 5309 824 5358 arundineam
852 5309 900 5356 lra-

262 5365 357 5416 buisse
373 5369 488 5426 dicitur,
505 5373 532 5418 44
553 5369 630 5430 apud
654 5369 835 5416 Ezechielem
860 5369 897 5416 40.

258 5425 396 5490 ¹Calamus
412 5441 555 5476 mensurae
570 5429 748 5484 nominatur,
764 5441 820 5486 uuo
836 5429 900 5476 ute-

263 5489 366 5534 bantur
392 5489 428 5538 ad
452 5489 664 5538 dimensionem
689 5489 898 5536 aedificiorum:

1235 233 1311 302 cin

955 405 1037 464 cujus
1052 401 1156 452 calami
1172 401 1204 448 iit
1224 401 1332 450 tuentio
1354 401 1430 464 apud
1449 403 1587 452 ductores

954 467 987 514 de
1004 463 1146 514 limitibus
1160 473 1302 524 agrorum,
1320 473 1352 512 uc
1368 465 1464 512 decem
1481 465 1587 526 pedum

955 525 1170 580 tuissedicitur,
1187 523 1219 570 ut
1244 525 1274 570 40
1301 523 1418 572 laudato
1442 527 1504 586 jani
1526 525 1587 574 loco

955 587 1059 636 014400.
1075 581 1243 644 buriensis]

985 645 997 708 4
1016 647 1038 694 3.
1062 645 1179 704 01414144,
1195 645 1330 692 Mensura
1344 645 1586 696 .lrchiiectonica.

955 705 1029 756 Hist.
1044 707 1179 768 Delphin.
1196 709 1263 754 tom.
1280 707 1302 754 1.
1317 719 1380 766 nug.
1396 707 1435 754 34.
1450 707 1501 754 001.
1517 709 1539 756 0.
1557 709 1587 756 iu

955 767 1094 828 Doniputo
1115 779 1181 816 ann.
1206 767 1279 816 tali:
1305 767 1373 814 item
1397 767 1587 816 domnitarinm

955 827 1136 890 ianaitucit'nz's
1160 827 1278 890 4449444144
1299 827 1470 884 Catulorum,
1491 829 1587 878 altitu·

953 889 1241 950 4144440440044440444
1259 891 1430 946 Carinarum,
1447 895 1472 938 et
1493 889 1587 938 444410-

954 951 1029 998 dinis
1044 955 1162 1010 attatuar
1176 965 1238 998 cum
1247 951 1375 1012 fenest-ris
1386 955 1410 998 et
1422 949 1587 1010 piqnonibus

954 1013 1117 1070 decentibus,
1134 1013 1257 1060 uidelicet
1269 1013 1392 1074 pritnam
1407 1011 1534 1058 Cannam
1557 1013 1587 1058 444

953 1073 1041 1120 01444444
1066 1073 1260 1134 crassitudinis
1282 1079 1400 1136 qttatuor
1427 1073 1536 1132 pedum,
1563 1079 1588 1120 et

953 1135 1142 1196 supradictam
1157 1135 1282 1182 Catinam
1298 1147 1384 1196 4440444
1404 1133 1441 1182 ad
1453 1133 1587 1196 4410440404

950 1195 1146 1256 grossitudinis
1161 1197 1245 1244 trium
1259 1195 1369 1256 4404444444,
1385 1199 1433 1244 eta.

982 1259 1005 1304 4.
1020 1255 1137 1312 04101114,
1161 1257 1280 1312 Kanna,
1307 1257 1479 1314 (lantherus,
1505 1267 1586 1316 nocu-

952 1315 1023 1372 lum,
1034 1327 1084 1364 vas
1100 1317 1238 1370 strictius,
1256 1319 1283 1364 44
1297 1315 1458 1372 oblongius,
1473 1315 1587 1364 Germa-

953 1375 1469 1434 niseiBelgisKan,etKanne.Gallis
1483 1375 1586 1422 Carme.

953 1437 1042 1484 GlOSS.
1064 1437 1198 1484 1303111οῃ
1220 1435 1326 1494 Ketaria,
1351 1437 1372 1484 oi
1397 1435 1513 1484 44400104
1539 1445 1587 1484 τῶν

951 1497 1079 1558 καλάμων,
1097 1499 1141 1546 uui
1162 1499 1183 1544 oi
1210 1501 1317 1556 σωλῆνες
1336 1499 1378 1544 uui
1398 1495 1487 1546 caluo
1507 1495 1587 1544 narra

951 1557 981 1606 444
997 1561 1147 1618 0444144404ιό4,
1164 1553 1261 1620 ἀγγεῖα.
1277 1557 1296 1604 F
1300 1559 1453 1604 0140110403
1469 1557 1498 1604 ill
1521 1557 1587 1604 Viia

953 1619 978 1666 3.
996 1617 1183 1676 Radegundis
1199 1629 1260 1678 cap.
1276 1619 1322 1666 in:
1338 1617 1397 1672 Qua
1412 1617 1462 1664 sibi
1481 1631 1587 1664 renuu-

951 1679 1042 1726 ciante
1054 1683 1159 1738 parata
1172 1691 1276 1738 mensa,
1292 1679 1458 1736 missorium,
1471 1679 1587 1724 cochlea·

950 1753 1002 1796 res,
1017 1739 1147 1798 cultellas,
1164 1739 1287 1798 Cannas,
1307 1745 1413 1800 potatu,
1434 1745 1458 1786 et
1479 1739 1586 1798 calices,

951 1801 1008 1848 sola
1023 1801 1209 1864 subsequente,
1225 1799 1461 1848 intromittebatur
1476 1799 1587 1860 fttrtim,

951 1877 1003 1922 aaa
1016 1877 1042 1910 se
1053 1877 1132 1910 444440
1139 1861 1301 1924 perciperet.
1315 1861 1467 1910 Galberius
1478 1865 1508 1910 in
1521 1863 1587 1910 Vita

952 1923 1045 1972 (laroli
1061 1925 1181 1972 Comitis
1195 1925 1311 1972 Flandr.
1326 1935 1403 1970 num.
1420 1923 1467 1970 38:
1496 1923 1587 1970 Comes

952 1987 1113 2046 0404440044
1135 1985 1266 2032 Κο440444
1292 1989 1396 2032 emerat
1421 1985 1523 2032 marcis
1547 1985 1585 2032 et.

951 2057 1011 2104 attae
1024 2045 1094 2092 inira
1108 2059 1187 2106 0444νο
1208 2045 1354 2106 fabricata,
1374 2045 1431 2092 suis
1454 2051 1587 2106 spectata-

951 2105 1026 2152 aius
1039 2109 1144 2166 potunt,
1158 2119 1238 2166 qrcm
1253 2107 1284 2152 44
1295 2121 1323 2154 44
1335 2105 1498 2162 continebat,
1511 2105 1587 2168 iura·

951 2165 1202 2214 1404041140101.
1223 2165 1331 2222 Cannu,
1354 2173 1517 2228 arqenteum
1540 2179 1587 2214 aas

951 2225 1092 2274 vinarium
1118 2227 1232 2276 dicitur.
1261 2227 1361 2288 [Vetus
1391 2227 1587 2276 lleremoniale

951 2287 1008 2336 113.
1023 2289 1055 2336 B.
1072 2287 1107 2336 M.
1122 2289 1292 2336 Deauratae:
1309 2287 1347 2334 De
1362 2285 1464 2348 offertis
1489 2287 1587 2334 altaris

951 2353 975 2396 et
990 2349 1023 2396 de
1040 2347 1102 2394 aino
1121 2347 1365 2408 0044041100444,
1380 2347 1440 2408 eta]

981 2409 1089 2458 Cannu
1102 2407 1280 2468 hausurus,
1294 2409 1370 2456 inter
1390 2409 1466 2456 Vasa
1490 2407 1588 2456 Eccle-

951 2469 1071 2518 siastica
1085 2473 1251 2516 recensetur
1265 2469 1340 2528 apud
1354 2467 1523 2516 Hariulium
1536 2465 1585 2514 140.

950 2531 973 2578 0.
990 2531 1094 2578 Dinon.
1111 2529 1223 2578 centul.
1243 2541 1304 2590 cap.
1322 2529 1358 2578 10.
1376 2533 1403 2578 44
1419 2529 1467 2576 lib.
1484 2531 1506 2576 3
1523 2539 1585 2588 cap.

950 2591 972 2640 3.
986 2591 1026 2652 [ct
1038 2591 1068 2638 in
1082 2591 1257 2640 testamento
1281 2591 1482 2638 Ermentrudis
1505 2591 1587 2636 illus-

950 2651 1003 2701 tris
1016 2653 1163 2708 040440044,
1178 2651 1255 2712 apud
1268 2651 1377 2700 Mabill.
1393 2651 1506 2708 Liturg.
1521 2651 1588 2698 Gal-

951 2713 996 2760 140.
1010 2723 1075 2774 pag.
1091 2711 1145 2760 tae.
1169 2711 1239 2760 Erat
1265 2713 1361 2760 autem
1385 2711 1508 2768 Fistula,
1532 2721 1588 2770 aria

950 2771 1071 2830 sanguis
1106 2771 1215 2820 Christi
1255 2783 1270 2820 a
1303 2771 1588 2822 communicantibus

951 2831 1149 2890 lraariebatur,
1165 2833 1208 2882 044
1223 2831 1315 2892 liquet
1328 2845 1362 2882 ex
1378 2833 1431 2882 hoc
1446 2843 1544 2882 versu:

1004 2927 1040 2968 Hic
1051 2927 1129 2966 Domini
1140 2927 1221 2978 sanguis
1231 2927 1290 2966 trabis
1300 2927 1326 2966 sit
1337 2927 1377 2966 cita
1385 2927 1487 2978 perennis,

950 3013 1067 3062 exarato
1080 3013 1109 3060 40
1132 3013 1182 3060 illa
1205 3013 1305 3060 0044440
1325 3013 1473 3074 Armenian,
1501 3023 1588 3072 quam

951 3071 1153 3134 Suppodbbas
1171 3073 1279 3120 biantis
1304 3073 1329 3122 3.
1355 3073 1507 3122 Michaelis
1529 3083 1588 3120 sua

950 3133 1079 3182 ecclesiae
1091 3133 1246 3182 tradidisse
1261 3133 1366 3190 legitur
1379 3135 1409 3182 in
1426 3131 1588 3182 Atinatibus

950 3191 1097 3242 Benedict.
1117 3195 1187 3242 tom.
1202 3195 1224 3240 4.
1239 3203 1302 3254 pag.
1316 3193 1368 3240 400.
1385 3193 1419 3240 ad
1434 3203 1502 3242 ann.
1518 3191 1587 3240 1040.

951 3257 978 3302 04
992 3253 1022 3304 10
1036 3253 1173 3302 Neustria
1190 3253 1241 3302 Pia
1261 3265 1326 3314 pag.
1342 3253 1397 3302 335.
1418 3253 1450 3302 B.
1473 3253 1589 3302 Rhena-

951 3325 1006 3362 nus
1021 3313 1051 3360 iu
1073 3313 1195 3362 Scholiis
1211 3315 1248 3364 ad
1271 3313 1501 3362 Tertullianum:
1526 3313 1588 3362 Nan

948 3387 1060 3434 possunt
1069 3375 1158 3422 celare
1169 3373 1302 3422 4444440404
1310 3373 1489 3434 antiquitatis
1502 3373 1589 3420 Cirris-

950 3433 1217 3490 140444,104004044444
1241 3435 1340 3482 (404440
1361 3435 1452 3480 4044404
1476 3433 1589 3482 haurire

950 3493 1125 3542 Dominicum
1151 3493 1318 3554 sariqttinem
1342 3507 1355 3542 e
1383 3495 1488 3542 calice:
1516 3493 1589 3552 044044

947 3553 1059 3614 pridem
1088 3553 1154 3602 mibi
1180 3553 1314 3602 indicauit
1341 3553 1449 3602 Paulus
1484 3555 1588 3602 Volsius

950 3615 1040 3662 Abbas
1058 3613 1220 3674 Hananiani
1236 3615 1347 3662 coenobii
1361 3615 1474 3662 40141440
1497 3613 1587 3674 siano-

950 3689 1020 3732 4044,
1035 3677 1082 3736 uui
1095 3677 1227 3734 frequens
1247 3683 1337 3724 enatat
1355 3675 1432 3736 apud
1454 3675 1589 3722 Benedic-

950 3735 1029 3784 tinos.
1044 3737 1106 3784 Mac
1129 3737 1241 3786 ratione
1265 3737 1330 3796 post
1353 3737 1589 3784 communionem

950 3797 1077 3856 corporis
1092 3797 1219 3852 Domini,
1232 3797 1392 3858 pretiosum
1415 3797 1589 3854 sanguinem

950 3857 1112 3904 etiamnum
1126 3857 1276 3914 hauriunt,
1289 3857 1318 3904 in
1332 3857 1509 3904 Monasterio
1521 3857 1589 3904 Sau-

950 3915 1122 3974 dionysiauo
1149 3917 1296 3964 Diaconus
1330 3917 1358 3966 et
1388 3915 1589 3966 Subdraconus

950 3975 1075 4034 singulis
1085 3975 1188 4026 diebus
1198 3977 1358 4026 Dominicis
1368 3977 1395 4026 44
1406 3977 1500 4024 lestis.
1514 3977 1587 4026 Vide

951 4035 1130 4096 Calamus1.]

980 4095 993 4156 4
1010 4097 1167 4146 Dausara.
1184 4095 1497 4146 S.lVillel1nuslib.1.
1515 4097 1590 4144 000-

950 4157 1065 4206 suelud.
1079 4157 1215 4214 Hirsaug.
1231 4169 1292 4216 cap.
1312 4157 1356 4204 15:
1373 4157 1427 4204 Pro
1439 4157 1517 4216 siano
1541 4169 1589 4204 oa-

950 4217 986 4266 sis
1000 4217 1164 4278 0404400100
1180 4217 1311 4264 Catinata
1331 4217 1445 4274 dicitur,
1464 4217 1589 4278 04444014

947 4277 1098 4340 4444444440,
1109 4279 1157 4326 1400
1169 4277 1241 4324 adde
1253 4281 1314 4324 nt...
1325 4275 1444 4338 diuitum
1454 4277 1589 4336 incurves,

950 4339 1151 4400 adjunctooini
1172 4337 1260 4400 sinna.
1288 4339 1416 4388 Scramb.
1442 4349 1507 4398 pag.
1533 4339 1587 4388 338.

951 4401 1055 4448 duran.
1068 4399 1172 4448 llellic.
1187 4399 1241 4450 col.
1256 4399 1267 4446 1
1281 4415 1286 4446 ;
1306 4399 1375 4444 11010
1389 4397 1467 4460 siano
1481 4413 1590 4460 cantua-

950 4459 1028 4508 444444
1035 4473 1087 4520 per
1095 4459 1238 4528 4144001444,
1250 4459 1365 4508 servitor
1374 4463 1468 4508 teneat
1480 4461 1590 4508 Cantia-

950 4525 1007 4568 40444
1019 4535 1082 4568 curn
1094 4533 1157 4568 0440
1171 4519 1303 4568 4444440140
1316 4527 1473 4568 reverenter
1498 4523 1589 4570 amba-

950 4583 999 4630 bus
1013 4581 1152 4630 4440440444.

980 4643 1227 4704 manseramus.
1256 4643 1341 4692 0000.
1370 4643 1490 4702 Legion.
1520 4655 1587 4692 ann.

951 4703 1020 4750 tate.
1036 4715 1100 4752 can.
1114 4703 1161 4752 25:
1179 4701 1230 4758 Qui
1244 4703 1370 4750 babuerit
1382 4717 1476 4750 casam
1496 4703 1526 4752 44
1547 4719 1590 4752 40-

951 4763 1010 4812 lare
1025 4763 1118 4812 aliena
1131 4767 1155 4812 et
1169 4775 1226 4810 non
1240 4763 1365 4812 babuerit
1390 4765 1529 4812 corallum
1550 4765 1589 4812 004

950 4823 1070 4882 usinum,
1089 4825 1134 4872 det
1151 4825 1233 4872 4444441
1253 4823 1281 4872 in
1306 4837 1377 4872 04440
1403 4825 1514 4874 damino
1540 4825 1589 4874 4014

950 4887 1041 4934 decem
1055 4899 1144 4946 panes
1157 4885 1294 4944 statuenti
1307 4893 1332 4936 et
1346 4887 1466 4934 mediam
1480 4887 1590 4934 Cantia-

951 4947 1047 4994 tellam
1060 4947 1128 4994 04444.

982 5009 1119 5066 Danaas,
1136 5021 1185 5056 seu
1201 5007 1358 5068 0400004,
1370 5009 1464 5056 Minor
1482 5007 1588 5062 Cunna,

952 5069 1050 5116 minus
1078 5069 1230 5118 vasculum
1256 5081 1343 5118 sacra
1366 5069 1506 5126 liturgia
1528 5069 1591 5116 ido-

952 5141 1048 5184 neum.
1078 5129 1154 5188 quod
1183 5129 1269 5188 vulgo
1305 5129 1414 5178 Barata
1445 5139 1589 5178 trocamus.

952 5189 1228 5238 01404400001344.
1253 5191 1329 5252 apud
1353 5189 1590 5240 sammarthanus

951 5249 981 5296 in
1002 5249 1136 5300 Abbatib.
1161 5251 1310 5300 Lesatens.
1338 5263 1367 5298 u.
1395 5251 1443 5298 27:
1471 5249 1590 5298 Calicem

952 5315 1115 5368 amanteum
1143 5325 1205 5358 cum
1225 5317 1331 5372 patena
1365 5313 1531 5360 deauratum
1566 5317 1590 5358 et

952 5369 1035 5416 ctiam
1049 5377 1234 5426 amentatum,
1255 5379 1280 5420 et
1304 5373 1380 5418 Duos
1403 5371 1521 5418 Cunctas
1544 5385 1590 5418 ar-

952 5435 1065 5490 aentcas
1082 5431 1244 5486 deauratos,
1269 5437 1317 5480 etc.
1342 5433 1405 5480 alia
1431 5441 1498 5480 400.
1520 5431 1590 5480 1331.

952 5491 1029 5550 apud
1057 5491 1200 5540 Colelium
1223 5493 1253 5540 in
1274 5491 1350 5540 Hist.
1367 5493 1496 5540 Occitan.
1524 5505 1590 5552 pag.

1912 229 1991 298 CAN
2241 233 2277 300 31

1637 395 1699 446 abt:
1721 395 1882 444 Turibulum
1899 405 2072 458 0400444044,
2093 407 2119 448 04
2141 403 2164 452 3.
2187 403 2281 454 bacini

1637 459 1773 520 04044144,
1786 459 1845 506 et2.
1863 459 1971 506 Canetae
1987 467 2131 522 0404444040,
2147 467 2196 512 etc.
2215 467 2283 526 [Ca-

1637 521 1755 568 44444414
1773 525 1887 580 04004440
1909 523 2030 580 04440144,
2057 525 2085 572 40
2111 527 2279 578 inventario

1639 583 1783 632 Sacristise
1798 583 1824 630 3.
1837 581 1960 632 Victoris
1973 585 2083 632 Massil.
2099 585 2210 632 04444444
2225 587 2281 636 siue

1637 643 1780 692 4444404444
1794 643 1910 704 amenti,
1931 645 1960 692 in
1981 645 2181 694 instrumento
2208 649 2279 698 440444

1638 707 1707 756 tatii.
1722 719 1755 756 ex
1767 705 1898 754 archivis
1912 707 2004 764 eltisd.
2022 707 2049 754 3.
2064 707 2198 754 Victoris.
2224 707 2279 756 Ca-

1637 775 1716 818 netas
1729 775 1877 828 cruentans
1889 773 1914 814 et
1928 767 1980 814 dua
1992 767 2163 814 0040410440
2176 779 2279 826 04444-

1638 837 1689 892 440,
1706 833 1736 878 40
1751 829 2020 878 0140440004441401.
2035 829 2112 892 aptid
2124 829 2277 878 Baluzium

1638 893 1707 942 4004.
1720 893 1744 940 44,
1761 891 1836 938 llist.
1853 889 1968 938 Arveru.
1983 899 2049 950 pag.
2065 887 2131 950 440]

1668 953 1677 1014 ·,
1709 953 1732 1002 5.
1760 951 1878 1010 01141414,
1907 951 2033 1004 Daualis,
2070 947 2167 998 tubus.
2202 949 2277 1010 Aug.

1639 1013 1787 1076 liumuleri
1817 1013 1891 1062 Hist.
1919 1011 2088 1060 Mormsterii
2123 1007 2275 1058 Formbac.

1640 1073 1689 1122 lib.
1703 1075 1726 1122 3.
1742 1075 1819 1136 apud
1830 1075 1913 1124 Beru.
1927 1073 2043 1120 Pezium
2056 1073 2124 1120 tom.
2135 1071 2158 1118 3.
2171 1069 2279 1118 Anecd.

1640 1137 1714 1194 part.
1727 1135 1889 1184 30014044
1904 1135 1975 1184 Nam
1986 1133 2022 1178 ud
2036 1133 2183 1192 0044444044
2194 1145 2280 1190 quam

1638 1201 1807 1252 emtrunerat,
1820 1211 1893 1258 00440
1905 1195 1968 1244 duci
1979 1207 2034 1240 non
2041 1195 2158 1254 poterat.
2171 1191 2279 1238 Deinde

1637 1267 1695 1300 non
1720 1259 1806 1304 multo
1835 1263 1975 1304 transacto
2005 1261 2132 1316 tempore,
2161 1253 2279 1312 quidam

1638 1315 1751 1362 aduenit
1766 1317 1940 1376 atribuimus
1955 1313 2093 1378 (belinas)
2107 1313 2161 1360 siae
2181 1311 2279 1372 fictiles

1639 1373 1753 1422 Carinas
1767 1377 1897 1424 inducere
1910 1379 2023 1426 001014...
2037 1373 2163 1436 utralibet
2177 1373 2278 1420 Canna

1638 1433 2278 1496 444401440440144441440444144404444440444444444.

1668 1493 1719 1556 ib.
1737 1495 1855 1556 GANNA,
1874 1499 2028 1556 04000044,
2045 1497 2118 1546 Gall.
2143 1495 2278 1544 Chanmc.

1637 1555 1713 1602 Hist.
1730 1555 1788 1604 MS.
1811 1557 1977 1606 Monastcrii
2003 1557 2172 1608 Beccensis:
2197 1555 2277 1604 Reco-

1636 1615 1758 1674 anooit...
1770 1615 1909 1676 pertinere
1918 1619 1955 1664 ad
1965 1621 2111 1666 4404001404
2121 1619 2276 1678 Becccnses,

1638 1675 1757 1736 arcentis
1773 1675 1838 1722 linis
1851 1683 1876 1724 et
1892 1677 2006 1726 Cannis.

1697 1737 1720 1786 t.
1734 1737 1853 1784 GANNA.
1868 1739 1973 1786 Charta
1988 1749 2055 1786 0440.
2070 1739 2141 1788 1100.
2156 1753 2191 1790 ex
2206 1741 2275 1800 Reg.

1640 1799 1665 1846 S.
1679 1799 1788 1846 Ludov.
1803 1799 1833 1846 in
1850 1799 2004 1858 Oliartonh.
2024 1799 2199 1858 44410114.
2222 1811 2254 1848 r0.
2270 1817 2274 1848 :

1638 1859 1908 1920 14444000414004440
1924 1871 2051 1920 coraeuas
2064 1869 2206 1908 aratorum
2222 1861 2277 1912 siue

1640 1921 1802 1968 Cunctorum
1814 1919 1905 1968 ualent
1921 1921 1959 1966 44.
1975 1919 2082 1968 solidos.
2104 1921 2157 1970 Sed
2179 1921 2275 1982 legen·

1638 1981 1707 2030 dum
1737 1991 1834 2030 rorsus
1847 1981 2025 2028 Caracarurn.
2038 1981 2109 2028 Vide
2120 1979 2242 2030 Carruca
2252 1985 2276 2032 3.

1668 1995 1857 2102 4000111014,
1871 2053 1922 2102 pro
1946 2039 2097 2096 Cannabis,
2120 2039 2226 2100 legitur
2246 2045 2275 2092 40

1640 2103 1794 2152 Tabulario
1812 2105 1837 2150 3.
1854 2101 1977 2150 Victoris
1994 2099 2104 2148 Massil.
2121 2105 2148 2150 44
2164 2101 2243 2150 alibi.

1670 2161 1945 2228 tarantasmum,
1962 2163 1994 2210 444
2010 2173 2076 2210 mos:
2099 2161 2274 2212 Cannabino.

1639 2225 1746 2274 Ollaria
1759 2225 1827 2272 0004
1841 2225 1909 2272 1404.
1925 2235 1959 2270 ex
1972 2223 2095 2270 Archino
2108 2223 2134 2270 S.
2151 2223 2277 2272 Victoris

1639 2285 1766 2332 Massilz
1800 2281 1963 2342 Recoanaait
1991 2297 2019 2330 se
2048 2289 2139 2330 tenere
2159 2287 2276 2342 pratum

1639 2359 1701 2392 cum
1715 2345 1887 2392 Cannaberio
1902 2345 2035 2406 contiuua.
2209 2405 2214 2414 ¹

1670 2405 1682 2468 'l
1695 2405 1895 2462 annuntiat,
1908 2405 1981 2462 ager
1993 2401 2122 2452 cannabe
2135 2407 2275 2462 consitus,

1640 2465 1712 2514 Gall.
1727 2465 1921 2522 Clrenneaiere,
1937 2467 1965 2514 10
1989 2465 2095 2514 Charta
2117 2475 2184 2512 ann.
2205 2465 2274 2516 1158.

1639 2537 1673 2576 ex
1695 2525 1879 2624 0149044040410
1901 2525 2093 2574 Casauriensi.
2124 2525 2194 2576 Vide
2223 2525 2277 2576 Ca·

1639 2599 1753 2636 4000...

1670 2647 1683 2708 i
1713 2645 1940 2706 andnumanai,
1976 2645 2131 2696 Oarinabis.
2170 2647 2277 2698 01404444

1640 2709 1779 2756 Willelmi
1817 2707 2073 2768 Montispessulani
2105 2719 2171 2756 0044.
2205 2709 2277 2756 tiae.

1640 2771 1715 2830 antid
1730 2771 1762 2816 D.
1778 2769 1981 2817 134444444004.
1996 2769 2019 2816 3.
2036 2767 2199 2818 Feudorum
2222 2779 2276 2816 usu

1639 2843 1704 2890 pag.
1732 2829 1794 2876 tes:
1821 2827 2030 2876 Sestailaricum
2054 2829 2124 2876 dono
2146 2829 2219 2876 uobis
2244 2831 2277 2878 de

1639 2891 1714 2936 0444441
1730 2891 1819 2948 blado,
1835 2891 1869 2936 de
1881 2889 1956 2936 04444
1967 2891 2117 2952 1400444444,
2126 2891 2157 2938 de
2167 2891 2274 2952 farina,

1640 2951 1673 2996 de
1688 2951 1782 3008 linoso,
1796 2951 1829 2996 de
1843 2951 2011 3006 Canrtaboso,
2024 2957 2073 2998 etc.

1670 3009 1857 3068 3041114404,
1868 3013 1898 3058 04
1910 3011 2049 3066 Canania,
2063 3023 2112 3058 ras
2121 3011 2275 3060 vinarium.

1641 3067 1793 3118 Cannadas
1805 3071 1875 3118 duas
1888 3071 1920 3118 de
1936 3071 2006 3126 uina,
2023 3073 2054 3120 10
2075 3075 2129 3118 vet.
2150 3071 2276 3132 Diplom.

1640 3131 1716 3238 {pud
1731 3129 1839 3236 bilaibill.
1856 3131 1955 3180 Itiner.
1971 3131 2037 3180 1401.
2052 3143 2118 3192 pag.
2132 3131 2187 3180 215.
2205 3131 2276 3180 Vide

1662 3203 1739 3236 arina
1768 3223 1773 3236 .

1670 3249 1852 3310 tunnulis,
1867 3263 1917 3310 pro
1934 3251 2057 3308 Canalis,
2078 3251 2150 3300 Gall.
2175 3251 2274 3308 Canai,

1639 3311 1705 3358 ital.
1724 3311 1838 3406 (4044044,
1852 3313 2019 3382 0444413440.
2037 3313 2070 3360 de
2081 3311 2277 3374 Breydenbacb

1640 3383 1704 3500 staff.
1716 3371 2098 3494 0401401411οΓ4144ᾞο000440
2124 3431 2277 3494 4440014441]

1643 3491 1713 3538 Vide
1729 3491 1900 3538 Grandinella.

1670 3549 1720 3656 il}
1735 3551 1960 3610 annuntiatas,
1974 3551 2097 3600 Fistula.
2113 3551 2183 3600 Vide
2198 3551 2277 3598 Cala·

1639 3625 1684 3658 me
1708 3625 1733 3658 a.

1670 3671 1683 3732 4
1698 3671 1895 3730 cananeum,
1910 3673 1990 3722 Idem
2005 3671 2080 3730 00041
2098 3671 2274 3718 (4044014440.

1640 3731 1745 3782 Dinon.
1762 3735 1869 3782 Piscar.
1886 3745 1902 3782 a
1927 3733 1963 3780 ud
1988 3733 2142 3780 acherium
2162 3734 2231 3781 tom.
2251 3733 2276 3780 5.

1641 3793 1738 3854 301041.
1752 3805 1816 3854 laag.
1831 3793 1876 3840 508
1888 3809 1892 3840 ;
1905 3745 1981 3840 inter
1996 3799 2085 3840 cetera
2108 3803 2167 3854 0044
2189 3789 2274 3852 dedit,

1639 3851 1703 3910 fecit
1724 3851 1941 3900 conuenientium
1960 3853 1993 3900 de
2021 3863 2079 3898 una
2105 3851 2275 3910 Gannupina

1640 3913 1670 3958 in
1683 3915 1737 3960 laco
1750 3913 1797 3960 ubi
1809 3913 1875 3960 Albe
1886 3915 2007 3960 vocatur.
2021 3911 2140 3968 Legitur
2153 3911 2181 3958 et
2197 3911 2274 3972 apud

1640 3973 1832 4022 Muratorium
1849 3976 1918 4023 4004.
1932 3973 1953 4020 7.
1969 3971 2022 4020 001.
2036 3971 2091 4018 304.

1671 4033 1949 4096 10401114300100
1968 4043 2018 4080 seu
2044 4043 2144 4088 canna,
2169 4031 2279 4082 meliri.

1640 4095 1713 4144 Vide
1727 4095 1827 4142 (4044440
1840 4095 1863 4142 1.

1703 4153 1875 4210 cubitalia,
1907 4151 2043 4200 Mensura
2066 4151 2188 4212 agraria,
2213 4165 2276 4212 quae

1641 4213 1742 4262 004440
1758 4213 1923 4268 vocabatur,
1944 4211 2049 4258 metiri.
2066 4213 2157 4260 Gloss
2172 4213 2274 4262 Caesar.

1641 4275 1820 4324 Heisterbac.
1835 4275 1865 4322 in
1879 4273 2058 4328 acuetur-1.
2072 4275 2141 4322 tom.
2157 4273 2180 4320 1.
2198 4275 2275 4324 Hist.

1642 4337 1749 4384 Treuir.
1777 4337 1860 4382 1000.
1882 4331 1944 4382 Nic.
1975 4331 2010 4380 ab
2037 4331 2183 4382 Hantbeim
2208 4347 2276 4396 pag.

1640 4397 1695 4444 678.
1712 4397 1764 4444 col.
1784 4397 1815 4442 1:
1832 4393 1866 4440 In
1881 4391 2104 4452 trutinamus
2115 4395 2138 4456 j.
2163 4399 2189 4442 et
2210 4397 2276 4442 illas

1640 4453 2274 4520 terras,uttcsCanuacitTunaacumdobanne.

1640 4519 1690 4568 014.
1707 4515 1857 4564 0001333.
1875 4525 1908 4562 es
1922 4513 2022 4562 Tabul.
2051 4517 2180 4566 Massil.:
2204 4517 2274 4566 Item

1639 4579 1755 4638 filerunt
1799 4573 1929 4622 Cattnatd
1971 4575 2121 4638 paramuri
2158 4579 2275 4640 portalis

1637 4645 1722 4700 portet
1737 4637 1888 4694 Galliam...
1911 4637 1947 4684 ud
1971 4639 2107 4686 rationem
2131 4637 2273 4700 cujuslibet

1640 4713 1737 4748 canna
1751 4697 1941 4756 andronarum.
1955 4701 2068 4748 Nostris
2091 4699 2163 4748 Toise
2187 4713 2275 4762 quatr-

1640 4759 1692 4808 re'e.
1708 4759 1779 4806 Vide
1794 4759 1891 4806 (44440
1907 4761 1930 4808 1.
1943 4765 1971 4810 44
1987 4761 2008 4808 2.

1641 4821 1683 4930 Gi
1711 4817 1857 4928 GAIJNATA
1881 4859 1886 4880 ,
1932 4823 2149 4872 (1444040Εο04.
2202 4823 2272 4874 Vide

1663 4893 1741 4928 444440
1774 4919 1778 4928 .

1670 4943 1686 4976 'r‘
1701 4941 1878 4994 GANNATUS.
1896 4943 1965 4992 Viae
1977 4955 2064 5006 supra
2078 4943 2209 4994 Canatus.

1672 5003 1831 5054 GANNAVA.
1849 5005 1918 5054 Vide
1932 5003 2046 5052 Cartana
2057 5005 2079 5054 3.

1672 5065 1893 5116 catarractas
1930 5067 2038 5126 Daton,
2075 5067 2268 5116 Cauriabiuus.

1640 5127 1855 5176 Fridericusil.
1871 5127 1908 5176 110
1944 5129 1967 5176 3.
1995 5129 2028 5176 de
2058 5129 2122 5176 Arte
2148 5129 2270 5178 versandi

1641 5201 1701 5250 can
1714 5189 1761 5238 ¹20:
1778 5187 1956 5252 Plumaaium
1970 5189 2169 5250 aitrofalcamun
2190 5189 2226 5236 sic
2246 5203 2272 5238 se

1640 5251 1738 5298 babet:
1754 5251 1971 5300 001440444444444
1995 5249 2077 5310 ,aaut
2097 5249 2199 5306 colaria,
2224 5249 2274 5296 0144

1641 5313 1697 5358 albi
1711 5313 1806 5360 coloris
1820 5319 1869 5360 0444
1881 5311 2028 5370 4000104414,
2044 5311 2158 5360 44004444
2172 5309 2202 5354 in
2213 5321 2273 5370 pec·

1642 5381 1707 5432 tore,
1724 5375 1773 5420 alii
1787 5377 1852 5420 sant
1866 5373 1947 5420 medii
1967 5375 2040 5422 inter
2063 5373 2154 5420 album
2176 5375 2201 5416 et
2222 5371 2274 5432 yri-

1642 5447 1727 5492 seum,
1742 5435 1773 5480 ab
1787 5435 1923 5496 aliquibus
1942 5433 2073 5482 dicuntur
2095 5431 2274 5480 Gannauocii.

1642 5495 1850 5554 addemnat.
