5076 6258
545 247 626 312 ctu

1223 247 1304 314 ctu

266 403 414 460 conimisit,
449 403 549 454 deutra
591 421 693 454 munus
729 415 897 470 amputetur.
920 411 927 456 l
949 405 1136 468 plectebatur,
1150 405 1199 454 ubi
1215 407 1263 456 hic
1282 405 1478 456 mulctabatur
1496 417 1584 468 pecu-

265 465 402 514 Eamdem
417 477 534 524 poenam
556 467 691 516 statuunt
712 467 770 514 Lex
784 469 898 526 Longo·

266 525 345 574 hard.
360 523 409 574 lib.
425 523 449 572 2.
462 527 507 574 tit.
523 525 562 574 51.
582 525 593 584 5
617 525 654 574 10.
668 525 710 586 [Η
730 527 838 574 Ludov.
853 529 897 576 Pii

264 587 315 648 ta]
344 587 371 636 et
397 585 551 634 Constitui.
569 585 670 634 Sicula
695 585 744 634 lib.
764 587 786 634 2.
801 587 895 636 amet.

265 649 280 756 ρ
299 649 323 696 3.
336 645 486 708 Philippus
514 647 741 696 Bellomanerius
762 649 819 694 MS.
834 659 896 708 cap.

281 709 309 756 1:
338 707 458 754 Cescuns
476 721 531 766 per
554 707 577 754 te
598 707 742 756 Coustnme
764 709 795 754 de
822 707 897 754 Cter·

263 773 340 818 mont
356 781 390 814 en
400 781 480 828 peges
495 769 528 814 de
542 767 647 814 mentite
660 783 694 816 on
709 769 743 818 de
758 769 838 826 catice,
849 773 897 826 pot

266 829 342 876 aruir
356 829 436 886 Aaee,
455 827 499 876 s'it
516 829 539 876 [ο
555 829 686 890 νορονονν,
708 831 759 878 seit
773 827 840 890 qu’it
856 829 897 874 eit

266 889 385 946 ensoine,
396 901 430 934 ou
446 889 512 950 qn'it
523 887 586 936 n’en
599 889 639 936 eit
650 891 742 952 paint:
755 895 779 936 et
791 889 811 936 [ν
821 887 897 934 Cern-

263 951 342 1012 pians
354 949 466 996 acincus
481 965 498 996 a
507 951 530 998 [ο
546 949 625 1012 point
638 951 715 1012 eope:
730 963 776 996 cer
789 961 818 994 ce
830 947 897 996 n'es-

265 1009 314 1060 tait
329 1023 400 1070 pour
413 1011 435 1058 [ο
448 1011 589 1072 nteheinp,
604 1011 671 1072 qu’it
691 1017 807 1070 emperie
830 1023 896 1056 eus-

265 1085 330 1132 qnes
343 1071 366 1118 te
381 1071 468 1128 beret,
485 1087 513 1120 se
525 1075 628 1134 parroit
637 1071 749 1134 fetndre
762 1083 812 1130 ρον
821 1069 895 1128 [ονον,

265 1137 289 1180 ον
302 1147 330 1180 se
344 1133 486 1180 ctetnerait
502 1133 623 1194 deinces,
633 1129 749 1194 perquoi
761 1145 801 1178 ses
814 1131 896 1180 meis-

264 1201 318 1242 tres
332 1195 507 1252 emparteroit
522 1195 549 1240 te
562 1195 675 1252 damage
688 1197 713 1240 et
726 1191 750 1238 te
760 1191 893 1250 υννορρνο,

264 1257 290 1300 ον
307 1255 342 1304 cit
352 1255 525 1316 emparterait
545 1255 667 1312 t'erpent,
684 1255 710 1300 et
721 1267 792 1312 ροον
815 1267 843 1300 ce
857 1259 896 1302 est

265 1315 330 1362 bans
350 1315 369 1362 ti
387 1319 528 1378 jugement
544 1315 583 1360 du
593 1311 729 1372 metteinp.
746 1315 781 1362 At
796 1315 826 1362 in
839 1315 894 1362 cri·

265 1377 342 1426 mine
358 1377 474 1438 capitali
491 1379 573 1432 longe
599 1375 713 1432 gravior
728 1375 784 1422 luit
808 1387 894 1434 poena

266 1437 441 1498 (templariis,
466 1449 498 1486 ca
520 1437 568 1482 itis
595 1433 714 1492 scilicet,
735 1437 768 1484 ut
796 1435 839 1484 est
864 1435 894 1484 in

266 1497 420 1548 Constitui,
440 1449 524 1546 sicud.
549 1493 596 1542 lib.
624 1495 648 1542 2.
677 1495 836 1554 titileia
863 1497 893 1544 in

266 1557 411 1608 Wichbild
438 1553 566 1614 Magdeb.
580 1557 634 1602 art.
649 1555 712 1616 825
732 1555 755 1604 1,
770 1559 823 1604 etc.
846 1557 894 1606 As·

265 1619 342 1668 sistas
357 1617 494 1666 Hierosol.
508 1627 568 1676 cap.
579 1615 624 1664 37:
641 1615 671 1664 Si
687 1617 714 1664 tat
726 1615 839 1664 betettte
855 1621 894 1664 est

265 1677 299 1726 de
314 1679 397 1734 citas-e,
412 1677 492 1738 qu'an
503 1687 521 1722 ρ
533 1681 601 1744 pta-rt
617 1675 743 1738 deserete,
762 1683 786 1724 et
810 1677 833 1724 te
843 1691 894 1746 ρο-

266 1743 382 1786 rentest
410 1735 552 1792 aeineu,tt
569 1743 594 1786 et
623 1737 780 1798 cetui,paur
804 1751 851 1798 ρον
874 1739 894 1786 e

265 1801 318 1862 fait
339 1801 365 1846 te
383 1797 501 1854 beteitte,
516 1803 607 1846 serant
630 1799 754 1860 pendes:
781 1803 807 1846 et
821 1811 848 1846 se
871 1801 895 1848 te

265 1863 361 1922 pereni
372 1863 410 1906 est
421 1859 465 1918 tet,
479 1873 531 1918 que
542 1859 564 1908 it
574 1859 668 1920 puisse
682 1865 778 1908 mettre
794 1859 893 1906 Chem-

261 1921 328 1982 pion
338 1933 407 1980 ρορν
416 1919 463 1974 εον,
479 1923 505 1966 et
527 1933 575 1966 son
589 1919 740 1980 Chempian
759 1923 798 1968 est
812 1919 892 1966 vein-

264 1993 318 2036 cus,
333 1979 353 2026 tt
378 1983 468 2026 serent
491 1987 552 2028 taus
578 1981 643 2028 treis
668 1983 785 2044 pendes,
802 1981 839 2030 Et
866 1979 893 2030 εο

262 2039 400 2100 [ορνο[ονν
425 2041 544 2100 t'epeau,
560 2047 585 2090 et
610 2055 658 2090 εορ
682 2047 779 2104 pereni
805 2049 830 2090 et
844 2055 893 2090 εορ

264 2101 412 2160 Chempien
427 2101 586 2160 estodium,
602 2105 652 2152 ette
668 2117 729 2152 sere
744 2117 815 2162 erse,
830 2107 855 2150 et
869 2105 893 2152 te

262 2167 358 2224 pereni
373 2175 401 2210 se
414 2161 525 2220 cumbet,
536 2169 562 2212 et
572 2167 611 2212 est
622 2163 731 2222 ρονροο,
747 2167 808 2212 sere
821 2177 892 2224 pen-

262 2223 331 2278 dus,·
345 2227 370 2270 et
386 2237 412 2270 se
426 2223 446 2272 it
458 2229 513 2272 met
527 2225 677 2286 Chempion
687 2239 758 2286 pour
772 2223 822 2284 soi,
833 2227 859 2272 et
871 2225 893 2272 it

260 2289 299 2332 est
312 2285 419 2340 ορνροο,
432 2285 453 2334 it
471 2291 562 2332 serent
578 2291 636 2332 tous
652 2285 724 2332 deuu
732 2285 851 2346 pandus
866 2291 892 2334 et

261 2347 288 2392 te
302 2345 372 2404 [ονοο
385 2359 454 2398 erse,
468 2347 505 2392 Et
526 2361 554 2394 se
565 2347 592 2392 te
606 2347 719 2394 beteitte
730 2351 768 2394 est
778 2359 850 2404 pour
863 2347 891 2394 te

260 2407 372 2466 querele
385 2407 430 2464 tet,
446 2419 498 2466 ροο
510 2407 563 2460 [ὀρ
572 2419 606 2452 ρο
620 2405 754 2452 deitatart
765 2407 891 2464 receuoir,

260 2465 307 2526 ρον
322 2479 356 2512 ορ
382 2479 442 2514 sere
470 2467 582 2528 etteint,
597 2467 667 2514 cetui
681 2481 714 2514 ou
734 2467 807 2524 cette,
819 2479 891 2526 pour

260 2527 308 2588 ρον
328 2527 348 2574 it
374 2527 486 2588 cumbet,
501 2527 534 2576 de
558 2527 604 2590 ρον
629 2527 652 2574 [ο
679 2527 829 2588 Chempion
851 2533 891 2574 est

260 2587 366 2644 aaincu,
377 2593 438 2650 pert
456 2589 483 2634 te
516 2587 726 2648 neretle‚etoais
742 2595 767 2642 et
778 2601 891 2650 respons

260 2661 294 2696 ορ
310 2653 393 2704 court,
407 2655 430 2696 et
449 2649 473 2698 te
493 2603 644 2710 diremptae
655 2647 713 2696 doit
727 2653 797 2698 estre
818 2663 890 2710 ρορ-

260 2709 319 2758 des.
336 2707 378 2770 [Η
390 2711 460 2760 Vide
476 2709 599 2758 Glossar.
618 2709 692 2758 med.
710 2709 821 2760 Graecit.
835 2711 888 2758 col.

259 2773 393 2824 eddvoce
407 2769 558 2832 Κομπντης]
572 2771 608 2820 Ε]
633 2771 661 2818 in
687 2781 749 2832 cap.
769 2771 809 2818 98.
829 2773 889 2820 sta-

259 2833 359 2890 tuitur,
376 2833 408 2880 ut
431 2833 551 2882 muliere
577 2843 625 2892 per
654 2831 839 2892 Campionem
854 2833 889 2880 de

260 2905 437 2952 quacumque
452 2893 567 2950 querela
580 2893 752 2954 decertante,
767 2893 795 2940 et
809 2893 888 2940 (taut-

258 2953 342 3016 pione
357 2953 475 3010 devicto,
491 2955 542 3002 illa
566 2953 595 3000 in
620 2953 716 3010 ignem
743 2953 894 3012 mittatur„

260 3017 288 3064 et
311 3013 427 3076 Gampio
453 3015 540 3064 iurcae
562 3013 720 3062 addicatur.
748 3015 888 3064 Praeterea

259 3077 406 3136 sepultura
432 3075 634 3124 Ecclesiastica
659 3073 782 3124 carebat.
803 3075 887 3124 Sum-

260 3137 339 3186 mula
351 3135 506 3186 Raimundi
523 3135 588 3184 Ord.
602 3135 736 3184 Praedic.:

309 3231 350 3274 Pro
359 3229 450 3272 mercede
461 3231 521 3284 Pugil
530 3229 593 3272 iniens
602 3243 648 3272 cum
657 3229 702 3272 iere
714 3229 811 3282 duellam,

310 3283 332 3326 Si
341 3283 393 3325 cedit
402 3283 422 3324 in
430 3295 498 3336 pugna
506 3283 573 3334 Pugil,
584 3287 685 3322 extranee
697 3283 813 3326 tumuletur.

256 3379 287 3428 Id
296 3379 384 3430 etiam
401 3377 568 3428 observatur
579 3379 608 3426 in
623 3377 721 3426 eadem
736 3377 885 3426 Summula

258 3439 299 3548 deh
314 3441 360 3550 iist,
374 3439 422 3500 qui
446 3439 476 3488 in
499 3439 705 3490 torneamentis
732 3439 790 3488 laesi
810 3439 885 3488 inte-

258 3513 281 3550 ri
302 3507 360 3550 an'.

289 3561 401 3622 Campia
417 3563 504 3610 semel
519 3561 647 3610 devictus
673 3561 709 3610 ad
736 3571 885 3610 monoma-

257 3623 352 3670 chiam
365 3623 488 3682 amplius
512 3635 569 3670 non
596 3621 812 3678 admittebatur,
827 3623 884 3670 nisi

257 3683 435 3792 trierim
448 3683 884 3804 [ν]ν”νννΗενΗνῗΗννννεέννῗέ

257 3803 333 3852 MSS.
347 3805 438 3854 Caroli
452 3805 473 3854 I.
487 3805 555 3864 Reg.
573 3805 676 3854 Siciliae
689 3817 750 3864 cap.
765 3805 829 3866 120]

287 3863 341 3912 Sed
355 3867 384 3912 et
392 3865 426 3924 νε,
442 3865 525 3924 cujus
538 3865 654 3928 campio
670 3865 763 3914 rictus
780 3865 882 3922 iuerat,

254 3927 278 3972 si
295 3925 329 3972 de
344 3925 460 3984 capitali
473 3927 592 3976 crimine
607 3939 664 3976 non
683 3927 824 3986 ageretur,
842 3937 881 3982 re,

253 3997 304 4046 pro
321 3993 376 4044 qua
402 3989 561 4044 pugnaturn
588 3987 691 4048 iuerat,
721 3999 777 4034 non
798 3987 882 4036 modo

253 4043 409 4102 excidebat,
437 4045 485 4094 sed
514 4051 541 4096 et
575 4059 678 4096 manus
706 4047 882 4096 abscissione

253 4105 458 4156 mulctabatur.
484 4109 528 4156 Ita
555 4109 678 4172 Philipp.
706 4109 882 4158 Bellomane-

251 4169 312 4216 rius
339 4177 401 4228 cap.
431 4167 474 4216 67:
501 4169 611 4230 Citqui
638 4171 740 4218 combat
766 4183 800 4218 οο
827 4177 881 4218 met

254 4227 387 4290 Cempian
405 4241 458 4288 por
483 4227 513 4286 tt,
525 4243 576 4290 ρον
592 4237 671 4280 autre
695 4247 749 4290 ces,
764 4245 816 4292 que
832 4243 882 4292 ρον

250 4303 295 4338 cas
311 4291 342 4336 de
354 4289 463 4346 erieme,
477 4287 501 4336 si
514 4303 611 4340 eamme
623 4291 660 4350 de
665 4291 728 4352 faus
737 4291 881 4352 jugement

249 4365 315 4400 sens
330 4351 453 4412 ejouster
466 4349 553 4398 eitein
566 4363 610 4400 cats
623 4367 656 4402 en
669 4353 820 4414 t’eppet,ou
828 4367 881 4414 ρον

249 4413 377 4462 detenter
388 4411 517 4460 tesmoins
532 4413 566 4480 de
588 4413 628 4460 tar
643 4415 831 4476 tesmaipnape,
845 4429 880 4462 οο

245 4489 297 4538 ρον
317 4487 366 4522 εορ
392 4471 578 4534 ννονννρρο,ε’ν[
602 4481 641 4522 est
665 4475 784 4534 reincus,
801 4477 822 4522 u
843 4489 879 4524 ρο

247 4543 307 4596 pert
322 4537 378 4596 [ονε
395 4549 446 4598 ροο
469 4537 492 4584 te
516 4537 642 4596 querette,
657 4543 683 4584 et
696 4551 743 4586 san
756 4537 838 4598 cenet,
852 4541 879 4586 et

249 4599 286 4646 tes
300 4611 399 4658 ρννροε,
414 4611 466 4658 ροο
490 4597 510 4644 [ν
530 4595 598 4644 εννοε
613 4605 675 4654 met
699 4599 832 4650 t’emencte
851 4611 879 4646 es

248 4661 379 4720 balneare
393 4657 506 4720 tiepieae
518 4659 552 4720 [ο
562 4661 595 4706 de
606 4659 713 4720 fausser
722 4659 878 4720 jupement:

246 4719 342 4768 messe
356 4721 381 4768 te
393 4719 505 4768 battutile
518 4721 551 4780 [ρ
575 4719 608 4768 de
628 4719 769 4780 Campion,
783 4721 804 4770 u
816 4727 878 4782 pert

247 4781 271 4828 [ο
281 4781 375 4842 ρονρρ.
391 4781 427 4830 At
439 4781 469 4828 in
484 4781 602 4830 Assisiis
613 4781 753 4828 Hierosol.
763 4793 823 4842 cap.
836 4783 875 4830 62.

246 4841 364 4913 infamis
380 4841 547 4912 habe-batur,
564 4843 643 4892 eliis
660 4841 876 4912 accensebatur,

245 4909 626 5026 alienanti,telin
641 4905 876 5026 reclinati

245 5039 279 5072 en
295 5027 385 5082 Cauri,
401 5029 442 5078 uti
465 5027 586 5086 Periuri,
600 5027 793 5082 Fidementiti,
812 5029 875 5074 Pro-

245 5087 358 5146 ditores
384 5087 480 5144 Nothi,
510 5091 537 5136 ei
559 5089 698 5136 Adulteri.
727 5089 760 5138 Ie
786 5089 875 5136 etiam

246 5147 331 5196 habet
355 5149 431 5196 idem
450 5149 675 5198 Bellomanerius
698 5161 758 5210 cap.
776 5149 822 5196 13:
842 5147 875 5194 Li

245 5207 327 5264 Sires,
340 5209 388 5270 ρον
402 5221 444 5256 ses
459 5209 604 5268 (temptans
613 5213 652 5256 est
666 5221 802 5264 recreans,
813 5213 875 5268 pert

243 5281 353 5378 ρῇρρρε
365 5281 409 5390 ἓορ
434 5269 511 5318 Cour.
528 5269 597 5318 Vide
620 5267 765 5318 Wichbild
777 5269 873 5326 nlagd.

273 5389 363 5438 iiAlia
378 5401 443 5438 tero
454 5391 516 5438 erat
529 5389 680 5448 serapionis
698 5389 792 5436 duello
808 5401 873 5438 suc-

243 5451 570 5510 cumbentispoena,alia
584 5449 655 5506 ejus,
665 5461 780 5508 proquo
791 5449 873 5498 duel-

242 5511 302 5560 lum
315 5511 486 5572 susceperat.
499 5509 550 5558 Ille
560 5509 680 5558 membri
690 5509 872 5558 mutilatione

948 467 1246 516 nia.Lit.ann‚1248.
1267 469 1343 516 inter
1370 469 1502 516 Ordinat.
1524 479 1582 524 reg.

948 527 1050 574 Franc.
1074 529 1143 574 torn.
1159 527 1182 574 5.
1198 539 1263 586 pag.
1289 527 1342 574 600.
1363 529 1416 574 art.
1433 529 1459 574 6:
1493 529 1583 574 Victus

948 591 1040 634 eutem
1053 585 1083 634 in
1097 587 1197 646 duetto,
1214 591 1275 634 cent
1290 589 1342 634 sata
1353 593 1378 634 et
1399 587 1471 634 abate
1480 589 1583 648 persat-

947 653 998 694 aet.
1023 647 1109 708 Pupil
1139 661 1200 694 aera
1231 647 1419 706 conductitius,
1448 649 1472 694 si
1498 649 1583 696 uictus

946 707 1040 768 fuerit,
1061 709 1132 768 pede
1150 711 1191 756 aet
1208 721 1302 770 ρορρο
1324 707 1488 768 ρννοοννννον.
1502 709 1582 766 Quod

947 769 1053 826 ubique
1068 769 1165 818 tamen
1180 781 1236 816 non
1250 769 1340 816 luisse
1355 769 1538 818 observatum
1550 781 1582 818 ex

947 841 1034 888 supra
1048 829 1145 876 allatis
1161 831 1284 878 constat.

978 889 1074 936 Sedet
1100 901 1200 938 omnes
1219 889 1390 950 (inrupiones
1410 889 1581 938 conductitii

947 949 1071 998 infames
1118 949 1328 1010 quodammodo
1379 947 1580 998 habebantur:

947 1011 1022 1058 unde
1037 1011 1114 1058 inter
1135 1009 1287 1070 Privilegia
1312 1011 1427 1060 indulta
1446 1011 1581 1058 Rotoma-

947 1069 1085 1128 gensibus
1100 1069 1136 1120 ab
1150 1071 1275 1120 Henrico
1293 1071 1331 1118 Π.
1346 1071 1426 1120 Duce
1439 1071 1581 1120 Norman·

947 1131 1002 1180 niae
1016 1143 1084 1180 ann.
1100 1133 1169 1180 1150.
1185 1131 1214 1178 in
1229 1143 1302 1178 nova
1318 1131 1512 1180 conciliorum
1527 1133 1581 1180 Ec-

947 1193 1041 1242 clesiae
1065 1193 1215 1250 Rotomag.
1241 1191 1413 1240 collectione
1437 1201 1501 1252 pag.
1522 1191 1580 1240 148.

946 1253 1018 1302 illud
1045 1257 1097 1308 est,
1124 1253 1195 1312 quod
1220 1253 1316 1298 nuttus
1341 1265 1434 1300 eorum
1459 1251 1581 1300 duellum

944 1313 1032 1374 faciet
1047 1317 1143 1360 contre
1167 1313 1295 1372 utiquam,
1312 1311 1359 1372 qui
1373 1311 1532 1370 testificatus
1547 1313 1581 1358 sit

945 1373 1028 1434 Pupil
1038 1373 1222 1420 conductitius
1245 1387 1296 1432 per
1310 1375 1516 1420 recrementum
1534 1375 1581 1422 de-

945 1447 1002 1480 cem
1013 1435 1145 1494 tapetium
1159 1433 1260 1480 ciuium
1272 1433 1377 1482 Rotam.
1389 1435 1413 1480 5.
1429 1433 1506 1480 intre
1516 1435 1581 1480 civi-

945 1499 1030 1542 tatem
1045 1501 1071 1542 et
1087 1495 1112 1542 5.
1127 1495 1161 1540 de
1172 1495 1256 1554 νονρο
1265 1491 1324 1540 :itti
1334 1507 1395 1542 οονο
1408 1495 1500 1542 decem
1511 1495 1580 1544 ciues

944 1555 1042 1602 sintin
1055 1555 1186 1604 electione
1198 1555 1324 1602 Justitiee.

974 1615 1096 1664 Interim
1119 1615 1188 1664 dum
1212 1615 1373 1676 Cempiaues
1385 1615 1414 1662 in
1432 1627 1519 1662 arena
1532 1615 1580 1664 de·

944 1675 1103 1732 certabant,
1121 1675 1149 1730 ii,
1164 1687 1215 1736 pro
1239 1675 1343 1734 quibus
1376 1675 1578 1738 dimicabatur,

944 1739 973 1786 in
996 1747 1109 1786 carcere
1130 1735 1343 1794 detinebantur,
1362 1735 1387 1784 si
1409 1735 1524 1796 quidem
1546 1737 1579 1786 de

944 1799 1065 1848 crimine
1082 1797 1201 1858 capitali
1220 1801 1365 1858 ageretur,
1377 1799 1409 1847 ut
1431 1799 1475 1846 est
1503 1801 1579 1858 apud

944 1859 1077 1906 eumdem
1090 1859 1349 1906 Bellomanerium:
1375 1859 1417 1908 vel
1442 1861 1529 1914 certe,
1549 1861 1580 1908 ut

943 1919 1028 1968 estin
1054 1919 1173 1968 Assisiis
1188 1921 1329 1966 Hierosol.
1342 1933 1402 1980 cap.
1420 1921 1464 1966 et:
1478 1917 1504 1966 n
1522 1919 1579 1966 doit

943 1983 1013 2026 estre
1027 1993 1062 2026 ορ
1073 1993 1129 2028 ορο
1142 1987 1207 2040 pert
1219 1981 1274 2026 dou
1286 1979 1382 2040 cliernp
1395 1983 1454 2028 tout
1466 1981 1578 2030 descon-

942 2047 1009 2098 aert,
1024 2045 1050 2088 et
1070 2055 1098 2088 se
1121 2041 1141 2088 it
1155 2057 1173 2102 ρ
1189 2055 1205 2088 e
1219 2041 1324 2088 homme
1349 2055 1382 2088 au
1406 2043 1514 2102 femme,
1532 2043 1579 2104 ρον

942 2101 983 2148 eit
1003 2101 1059 2162 fuit
1086 2103 1213 2162 t'eppeeu
1240 2115 1292 2162 ρον
1307 2101 1466 2162 Chempian,
1486 2101 1507 2148 it
1521 2103 1578 2150 deit

942 2167 1013 2210 estre
1029 2163 1102 2210 detes
1118 2165 1142 2210 te
1156 2177 1233 2224 corps
1250 2177 1282 2210 en
1298 2163 1334 2212 tet
1348 2163 1482 2218 muniere,
1495 2177 1547 2222 que
1557 2163 1578 2212 it

942 2237 976 2272 ρο
990 2225 1071 2272 ρονεο
1087 2237 1122 2272 ρο
1143 2223 1207 2270 eide
1223 2223 1241 2270 e
1254 2225 1305 2270 ρον
1322 2225 1367 2272 des
1380 2223 1402 2272 2.
1414 2223 1530 2284 parties,
1544 2239 1578 2272 ρο

941 2297 977 2332 ορ
987 2285 1038 2340 uit,
1053 2297 1088 2332 ρο
1100 2299 1135 2332 ορ
1149 2285 1212 2344 [ονν,
1227 2297 1262 2332 ρο
1277 2297 1311 2330 ορ
1325 2289 1503 2340 οορνοροροο,
1520 2285 1578 2344 [ονο

941 2345 975 2392 de
986 2343 1058 2392 Dian
1069 2347 1171 2404 proier,
1194 2359 1229 2392 en
1244 2345 1295 2392 tete
1315 2345 1449 2402 muniere,
1466 2359 1518 2404 que
1540 2347 1578 2392 tes

943 2403 1111 2464 Ghernpians
1119 2419 1154 2452 ρο
1160 2407 1185 2452 νο
1193 2405 1321 2464 petissent
1330 2407 1378 2452 ονν.
1392 2405 1463 2452 Vide
1471 2407 1577 2464 Legem

942 2467 1066 2524 Bajwar.
1091 2467 1137 2514 tit.
1161 2465 1185 2512 2.
1207 2475 1268 2526 cap.
1287 2467 1323 2514 12.
1341 2465 1352 2524 ἓ
1371 2467 1391 2512 1.
1409 2467 1438 2514 et
1459 2465 1575 2524 Gregor.

942 2527 1048 2574 Turon,
1064 2525 1113 2574 lib.
1129 2527 1167 2574 to.
1184 2527 1291 2574 Histoe.
1309 2539 1371 2586 cap.
1389 2527 1428 2574 10.

970 2589 1004 2650 In
1018 2587 1140 2644 Regesto
1164 2585 1285 2636 ioannis
1308 2587 1341 2636 de
1359 2587 1385 2636 S.
1412 2587 1507 2644 Justo,
1523 2587 1575 2636 Oa·

941 2659 1025 2696 merae
1049 2647 1181 2710 Comput.
1198 2649 1288 2696 Paris.
1304 2647 1364 2696 heec
1384 2647 1527 2706 leguntur,
1545 2647 1575 2696 in

941 2707 1074 2758 Scacario
1097 2709 1200 2758 Pascb.
1229 2707 1314 2758 1218:
1342 2707 1503 2756 iudicatum
1527 2713 1574 2764 est,

938 2771 1012 2878 ροονν
1040 2767 1153 2830 Cempia
1181 2783 1260 2818 cruce
1290 2769 1436 2830 signatus
1457 2769 1575 2816 audiens

959 2831 1063 2878 uetturn
1086 2833 1120 2878 de
1144 2831 1253 2888 cetetto,
1268 2845 1325 2878 ρορ
1342 2835 1431 2890 petest
1447 2829 1518 2878 ittud
1530 2831 1575 2890 [ο-

938 2905 1005 2948 οονο,
1013 2897 1108 2950 ρονορε
1123 2891 1257 2938 cetattum
1268 2891 1380 2938 emittit.
1393 2893 1427 2940 In
1442 2891 1575 2940 scacario

938 2953 1056 3002 Paschae
1072 2953 1149 3000 1221:
1166 2953 1337 3014 Praeceptum
1362 2959 1412 3010 eet,
1426 2951 1498 3014 quod
1517 2951 1574 2998 Pu·

936 3013 1005 3076 pites
1018 3013 1051 3060 de
1075 3013 1164 3062 dnetto
1190 3013 1221 3062 de
1246 3019 1341 3062 caetero
1368 3013 1484 3062 uenient
1498 3013 1574 3072 infre

938 3073 1081 3122 meridiem
1098 3075 1136 3122 ed
1155 3073 1213 3122 dies
1237 3073 1287 3122 sibi
1311 3073 1424 3136 positas,
1448 3073 1574 3136 alioquin

938 3133 1037 3184 sintin
1052 3133 1169 3196 defectu.
1438 3137 1439 3140 ’

969 3195 1158 3246 Canetonum
1181 3197 1384 3252 Onnurronas
1411 3195 1442 3244 iu
1466 3193 1573 3244 Charta

937 3257 1082 3306 Manassis
1098 3257 1194 3316 episc,
1207 3257 1400 3316 Lingonensis
1421 3269 1487 3306 ann.
1502 3255 1571 3304 1185.

937 3329 1008 3376 quas
1023 3319 1053 3374 ii,
1069 3319 1238 3378 priusquam
1252 3319 1281 3364 in
1291 3329 1409 3366 arenam
1423 3317 1573 3366 descende·

936 3379 1008 3434 rent,
1022 3379 1161 3428 Ecclesiis
1176 3377 1341 3434 offerebant,
1358 3389 1413 3436 quo
1428 3377 1455 3424 in
1468 3377 1572 3426 duellis

936 3439 1028 3488 Deum
1041 3439 1096 3488 sibi
1112 3439 1270 3500 propitium
1286 3439 1485 3488 conciliarent.
1500 3439 1571 3488 Vide

936 3499 1021 3550 Gesta
1040 3501 1198 3550 Consulum
1218 3499 1365 3558 andegav.
1385 3511 1423 3548 ca
1447 3499 1525 3548 .3.u.
1547 3499 1570 3550 5.

935 3565 962 3610 ei
975 3563 1068 3610 Notas
1080 3563 1116 3610 ad
1129 3561 1296 3610 Alexiadent
1331 3571 1377 3620 ag.
1391 3511 1443 3610 {ted

965 3623 1058 3682 Atque
1073 3623 1133 3672 haec
1145 3621 1238 3670 obiter
1247 3623 1281 3670 de
1318 3619 1502 3682 ampionibus
1512 3633 1571 3682 per-

935 3685 1116 3732 strinximus,
1144 3683 1198 3732 Sed
1221 3695 1287 3732 cum
1316 3685 1480 3732 universam
1496 3683 1571 3732 lianc

936 3745 1087 3792 materiam
1104 3745 1238 3792 accurate
1252 3745 1370 3792 omnino
1391 3743 1570 3802 exequantur

934 3807 1029 3854 vetera
1041 3805 1122 3854 urbis
1139 3805 1325 3854 Ambianens.
1347 3805 1466 3854 Usatica
1490 3805 1568 3854 MSS.

933 3865 1012 3916 exiis
1024 3867 1175 3924 sequentia
1184 3867 1333 3928 decerpere
1346 3877 1438 3926 operae
1443 3865 1569 3926 pretium

932 3927 1027 3976 visum
1043 3929 1096 3984 esi,
1112 3927 1166 3978 etsi
1191 3925 1262 3974 iorte
1280 3925 1446 3988 prolixiora,
1460 3927 1493 3974 ut
1508 3937 1569 3974 mo-

932 3999 976 4036 res
989 3989 1104 4036 nostros
1120 3991 1229 4036 veteres
1240 3987 1337 4046 etjam
1351 3985 1569 4036 obsoletosinde

932 4049 1045 4098 Lectori
1061 4049 1207 4098 addiscere
1232 4049 1331 4096 liceat:
1359 4045 1491 4108 Deretief
1511 4049 1573 4108 qui-¹

932 4123 1048 4170 conquas
1064 4109 1103 4156 eit
1109 4109 1176 4170 jour
1188 4111 1221 4156 de
1237 4107 1272 4156 tei
1286 4109 1319 4156 de
1332 4109 1469 4156 beteittect
1481 4109 1568 4168 aenir,

931 4171 955 4218 si
971 4183 1074 4218 comme
1087 4171 1108 4218 it
1121 4169 1187 4228 doit,
1200 4171 1220 4218 it
1242 4170 1299 4216 doit
1321 4171 1399 4218 ρορνν
1414 4171 1430 4216 ἁ
1445 4183 1494 4216 εορ
1502 4171 1569 4230 jaer

932 4231 1033 4280 dedens
1049 4231 1140 4288 misdi,
1154 4231 1190 4278 ait
1211 4231 1231 4278 it
1248 4231 1318 4292 perd
1341 4245 1373 4278 se
1394 4231 1525 4292 querette,
1545 4231 1568 4280 si

930 4293 977 4338 n'e
997 4291 1210 4348 contremende,·
1226 4297 1251 4340 et
1273 4305 1301 4340 se
1327 4291 1383 4340 doit
1394 4293 1567 4352 presentare

929 4367 978 4400 san
993 4353 1110 4400 eeaiieet
1125 4367 1174 4400 san
1187 4351 1317 4416 νοερνονρρ
1331 4357 1481 4414 ρορννορν,
1495 4367 1567 4402 carne

929 4411 952 4460 it
966 4415 1023 4462 doit
1038 4413 1157 4464 achelai
1170 4415 1236 4474 jour
1251 4419 1344 4462 contre
1356 4427 1405 4462 san
1418 4411 1566 4474 euerseire,

916 4483 954 4530 ,et
971 4479 1064 4524 contre
1077 4489 1127 4522 san
1144 4477 1236 4534 erade,
1253 4489 1280 4524 se
1295 4475 1348 4524 chit
1363 4491 1380 4524 e
1392 4475 1486 4538 evelle,
1500 4481 1526 4524 et
1540 4491 1567 4524 se

929 4537 985 4584 doit
1008 4537 1032 4584 te
1057 4537 1188 4598 tesmainp
1211 4537 1229 4582 ct
1253 4551 1301 4584 εορ
1322 4537 1407 4586 avaite
1434 4543 1459 4586 et
1481 4537 1566 4586 esan

928 4597 1069 4648 euersaire
1092 4611 1206 4646 naumer
1230 4611 1285 4658 per
1300 4611 1365 4646 nam
1382 4603 1407 4646 et
1419 4611 1474 4660 ρον
1488 4611 1565 4646 εοον-

927 4673 1002 4718 nam,
1025 4665 1052 4706 et
1075 4659 1136 4708 chit.
1154 4657 1203 4718 ρον
1224 4673 1241 4706 e
1265 4661 1289 4706 te
1314 4659 1445 4720 tesmainp
1460 4659 1524 4720 teae,
1538 4675 1565 4708 se

927 4721 984 4766 ctait
1000 4717 1094 4780 einssp
1106 4723 1259 4780 presenter,
1274 4723 1300 4768 et
1316 4719 1334 4768 ti
1349 4733 1398 4768 sen
1413 4721 1507 4778 evade,
1521 4721 1565 4768 s’it

926 4795 945 4826 e
967 4779 1054 4828 erate
1066 4785 1210 4840 pourtent,
1226 4795 1275 4826 cer
1286 4781 1307 4828 it
1322 4781 1378 4828 doit
1399 4781 1415 4826 d
1435 4783 1487 4828 cttu
1497 4781 1564 4840 jour

926 4847 1018 4888 contre
1032 4855 1081 4888 son
1096 4841 1234 4890 euersott're
1249 4847 1274 4888 et
1302 4849 1431 4890 encontre
1448 4857 1497 4890 son
1511 4849 1563 4890 tes-

926 4903 1018 4964 νρονρρ
1033 4907 1059 4950 et
1073 4915 1122 4948 san
1135 4903 1228 4962 eruite,
1244 4915 1270 4950 se
1285 4903 1347 4950 cita
1363 4903 1455 4958 eaaiie,
1469 4911 1495 4952 et
1507 4903 1563 4952 doit

926 4963 1030 5012 autresi
1046 4975 1095 5008 εορ
1112 4963 1268 5012 edverseire
1280 4969 1306 5010 et
1331 4979 1380 5012 san
1395 4965 1522 5012 tesmains
1537 4971 1562 5012 et

925 5039 974 5072 san
989 5023 1076 5072 quarite
1085 5039 1140 5084 per
1155 5039 1211 5072 ρορ
1229 5029 1255 5072 et
1272 5039 1327 5084 per
1344 5039 1473 5074 seurnom
1488 5039 1562 5072 naue-

925 5101 994 5144 mer,
1009 5091 1034 5132 et
1043 5091 1133 5146 puent
1151 5085 1188 5134 tes
1201 5087 1308 5146 parties
1332 5087 1437 5134 retenir
1451 5101 1488 5134 ορ
1500 5099 1560 5146 prew

925 5153 1018 5194 center
1043 5147 1239 5194 emendement
1262 5149 1376 5194 d’eaoiie'
1388 5151 1413 5194 et
1433 5147 1559 5200 dalmas,

924 5211 950 5254 et
961 5207 1167 5266 d'eperetteurs,
1182 5211 1207 5254 et
1220 5209 1254 5254 de
1274 5213 1333 5254 tans
1349 5207 1525 5260 eeissemens,
1536 5211 1561 5252 et

924 5267 957 5314 de
977 5273 1064 5316 tontes
1085 5281 1165 5326 cases,
1195 5267 1235 5316 att
1260 5269 1384 5316 contient
1410 5269 1428 5314 dt
1438 5265 1560 5326 jaursde

920 5329 1003 5390 pteit,
1017 5335 1042 5376 et
1064 5329 1080 5374 d
1103 5329 1138 5376 [ον
1154 5329 1187 5376 tte
1199 5329 1320 5388 treteitte,
1334 5333 1360 5376 et
1379 5327 1474 5388 einssp
1500 5331 1559 5376 tans

922 5389 1090 5438 ρονεεορνορε
1115 5395 1140 5436 ον
1162 5395 1221 5436 tans
1247 5389 1443 5436 entendemens
1454 5389 1560 5446 parrait

923 5449 999 5496 eaair
1008 5449 1152 5510 jusquesci
1169 5451 1223 5506 otte,
1238 5449 1305 5510 qu'it
1319 5455 1400 5496 erent
1418 5449 1455 5496 tes
1472 5461 1558 5508 prens

922 5511 1072 5560 seiremeus
1082 5509 1171 5570 jures,
1187 5517 1212 5558 et
1229 5509 1336 5558 cerchia*
1358 5511 1418 5558 [ορν
1432 5509 1559 5560 ουοννοννο

1902 247 1984 310 CAM
2228 247 2268 310 63

1634 405 1659 448 et
1675 401 1734 448 [ορν
1758 403 1851 458 αοονιο,
1865 409 1889 450 et
1900 405 1963 464 puis
1978 419 2012 452 ρο
2024 405 2165 466 parentent
2191 407 2269 454 avoir

1633 461 1826 508 ernendement
1848 477 1883 510 ρο
1912 465 2017 512 ννόοονν
2043 479 2078 512 ρο
2099 465 2218 512 d'ermes
2234 479 2268 514 ne

1634 523 1755 570 d'eutres
1767 535 1840 570 ceses
1853 525 1870 570 at
1883 525 1922 572 cet
1932 523 2008 584 jaer,
2018 525 2129 586 sejanrs
2138 527 2270 586 n'estper

1633 583 1705 632 droit
1721 583 1754 632 de
1769 583 1890 644 justia-lte
1905 583 2028 646 etanpiea
2039 593 2064 632 et
2081 591 2167 632 eruent
2180 583 2268 632 canti·

1632 647 1710 704 nues,
1725 649 1754 694 et
1777 659 1805 692 se
1827 643 1878 692 otte
1892 645 1972 704 janrs
1994 645 2071 694 estoit
2097 645 2220 706 etanpie's
2244 651 2270 694 et

1632 711 1718 756 eueni
1743 703 1892 760 continues,
1908 705 1929 752 it
1950 707 2094 766 parraient
2119 707 2195 754 eaoir
2210 711 2269 754 taus

1632 769 1826 816 emendemens
1843 767 2015 826 pteinement
2032 767 2065 814 de
2082 771 2167 814 tontes
2187 781 2268 822 cases,

1632 829 1660 874 lei
1687 829 1813 876 convient
1839 829 1856 874 et
1877 827 1944 886 jour
1958 825 1991 874 de
2005 827 2087 886 ptuit,
2104 835 2130 874 et
2145 827 2163 872 e
2178 829 2213 874 toi
2236 827 2268 874 de

1631 889 1752 946 betnitte,
1764 887 1830 948 puis
1844 885 1883 934 re
1899 885 2053 946 requissent
2069 901 2105 934 eu
2123 891 2268 946 presenter

1632 953 1658 996 et
1670 965 1707 996 eu
1722 947 1846 996 cerchier
1861 949 1921 996 [ορν
1943 947 2079 994 ρρονοννο.
2094 947 2131 994 Εν
2146 961 2173 994 se
2188 947 2268 1008 jours

1631 1011 1709 1058 estoit
1723 1009 1854 1072 etanpies,
1868 1009 1888 1056 it
1906 1009 2013 1058 eroient
2029 1009 2222 1054 emendement
2235 1009 2268 1056 de

1632 1085 1684 1118 een
1696 1071 1736 1120 eit
1744 1069 2047 1130 οορονορνρνρνρονρορν
2056 1069 2072 1114 t‘t
2078 1069 2143 1128 jour
2153 1069 2268 1130 depluit

1611 1147 1612 1150 ¹
1631 1135 1657 1178 et
1673 1133 1689 1180 e
1705 1133 1740 1180 tei
1755 1133 1789 1180 de
1803 1133 1925 1192 demitte,
1937 1129 1973 1178 st't
2001 1129 2131 1180 t’euoient
2146 1143 2182 1176 eu
2203 1143 2267 1190 pre-

1631 1195 1723 1240 senter
1738 1201 1857 1254 νονορο,1
1871 1199 1896 1242 et
1909 1193 1942 1240 sit
1952 1191 2040 1240 einssi
2050 1197 2146 1238 retenn
2160 1205 2194 1236 ρο
2216 1189 2269 1252 ra<

1631 1253 1731 1312 ueient,
1742 1253 1761 1300 it
1773 1267 1809 1300 ρο
1828 1255 1967 1314 portoient
1980 1251 2033 1300 mie
2056 1251 2132 1300 eaoir
2144 1265 2181 1298 eu
2189 1251 2265 1310 jour,

1631 1313 1679 1372 qui
1694 1311 1775 1360 serait
1799 1315 1922 1376 etaupies
1940 1329 1975 1362 ou
1997 1313 2139 1362 continues
2159 1311 2266 1360 eeuoir

1631 1375 1681 1420 ρον
1706 1373 1914 1424 emendement:
1937 1383 2007 1424 etse
2030 1381 2127 1424 retenu
2150 1387 2186 1420 eu
2201 1387 2265 1432 pre-

1630 1437 1722 1480 senter
1747 1435 1883 1480 n’eaoient
1916 1449 1958 1482 ces
1983 1449 2062 1492 ceses,
2085 1435 2105 1484 it
2127 1431 2265 1480 n'eroient

1631 1495 1832 1552 emendement,
1856 1495 1912 1554 [ονε
1929 1495 2016 1544 ονρεεν
2044 1511 2116 1544 cartre
2136 1495 2158 1542 it
2179 1509 2206 1544 se
2223 1507 2267 1556 se-u

1630 1555 1720 1600 rotent
1743 1553 1878 1614 presente,
1905 1569 1939 1600 ορ
1966 1555 2043 1604 eaoir
2065 1571 2100 1606 ne
2114 1555 2265 1618 porretani,

1630 1613 1693 1660 eins
1709 1615 1767 1662 [ορν
1790 1615 1924 1662 οορρονονν
1936 1613 2019 1674 ονρεν,
2035 1631 2106 1664 come
2131 1617 2151 1664 e
2175 1629 2203 1664 se
2223 1629 2265 1664 se-

1629 1673 1719 1722 roient
1726 1675 1855 1734 presente
1868 1675 1886 1720 et
1898 1675 1995 1722 tenere
2009 1677 2054 1736 toi,
2063 1685 2086 1724 et
2100 1677 2215 1736 persuir
2228 1675 2264 1726 toi

1629 1741 1654 1784 et
1665 1747 1744 1796 cemp
1757 1735 1791 1782 de
1800 1735 1920 1782 heteitte.
1930 1735 2060 1796 Derehief
2068 1751 2095 1784 εο
2104 1739 2141 1784 [οε
2148 1737 2266 1798 parties,

1630 1797 1756 1858 quisunt·
1773 1809 1808 1844 ορ
1821 1795 1858 1842 [ον
1870 1803 1895 1844 et
1915 1809 1949 1842 ορ
1964 1809 2042 1856 remp
2057 1797 2089 1844 de
2102 1797 2223 1856 aeratae,
2239 1811 2266 1846 se

1629 1861 1690 1906 sant
1700 1857 1859 1916 perderent
1869 1855 1990 1904 Justiehe
1997 1857 2105 1904 endroit
2110 1859 2266 1918 presentees

1629 1923 1720 1966 contre
1736 1919 1772 1964 tes
1786 1921 1888 1974 autres,
1901 1921 1927 1964 et
1940 1917 2051 1964 oeutent
2063 1919 2218 1966 etereaent
2231 1933 2265 1966 ορ

1630 1981 1657 2028 te
1670 1979 1800 2038 querette,
1818 1981 1844 2024 et
1869 1977 1955 2024 soient
1978 1977 1997 2026 [ν
2015 1991 2084 2038 pepe
2096 1975 2207 2038 jugied
2221 1979 2265 2026 [νοκ

1629 2041 1704 2088 teitte
1720 2039 1753 2086 de
1765 2039 1838 2086 chata
1867 2039 1983 2100 ρρονονο,
2000 2039 2060 2086 [ορν
2082 2037 2187 2098 ρονννοε
2206 2037 2266 2086 doi-

1628 2107 1692 2148 vent
1702 2101 1784 2160 juret·
1794 2097 2078 2160 eupresseementensi
2092 2113 2165 2146 οονρο
2179 2097 2200 2144 it
2212 2097 2265 2146 ieri

1628 2161 1709 2220 apres
1724 2161 1772 2208 dit.
1784 2161 1833 2208 Les
1855 2161 1920 2208 deus
1934 2161 2039 2222 parties
2054 2165 2079 2206 et
2093 2159 2113 2206 ti
2135 2159 2263 2222 νοερνονρρ

1628 2227 1653 2270 et
1671 2223 1690 2268 ti
1705 2223 1790 2270 eruite
1804 2223 1820 2268 d
1834 2235 1938 2282 ροροοε
1949 2221 2084 2278 uicerant,
2099 2221 2120 2268 ti
2134 2219 2265 2268 tesmoins

1628 2287 1686 2330 taut
1697 2287 1783 2330 event
1796 2281 1852 2330 doit
1863 2283 1951 2344 jurem
1967 2283 2005 2330 trit
2019 2287 2114 2342 aparte
2128 2281 2193 2330 bons
2209 2287 2262 2328 tes-

1627 2343 1811 2404 ρνονρρρροον
1835 2343 1908 2404 toiet,
1924 2347 1948 2390 et
1971 2343 2005 2390 sit
2027 2341 2262 2398 econtremende,

1627 2401 1697 2450 tite
1724 2403 1778 2462 [ονε
1803 2401 1869 2450 baris
1892 2405 2065 2450 contremens
2085 2409 2111 2452 et
2123 2403 2220 2458 tainus,
2232 2407 2264 2448 et,

1628 2463 1684 2510 doit
1701 2463 1824 2526 prendre
1850 2461 1904 2510 chit
1929 2463 1977 2522 ρον
1994 2463 2100 2518 cteime,
2114 2477 2163 2510 san
2178 2461 2264 2510 eeaiie

1626 2539 1680 2584 per
1686 2523 1787 2596 puinp,
1799 2529 1823 2570 et
1837 2523 1906 2582 dire,
1919 2537 1971 2584 ροο
1980 2537 2034 2582 ρον
2048 2523 2145 2584 citetui,
2161 2523 2208 2584 ρον
2223 2527 2271 2570 est-

1626 2599 1668 2632 ses
1682 2587 1789 2646 ονοννοε,
1807 2587 1830 2634 te
1852 2589 2006 2632 monstrare
2027 2589 2053 2632 et
2071 2599 2119 2632 son
2136 2583 2218 2640 droit,
2237 2587 2267 2632 et

1626 2647 1773 2694 εὀοοννοννο
1787 2647 1805 2694 ai
1819 2659 1869 2692 εορ
1886 2645 1973 2692 evade
1996 2645 2120 2704 beittere,
2132 2649 2158 2694 et
2178 2659 2212 2696 ορ
2224 2643 2263 2704 [ον

1627 2707 1651 2754 te
1667 2707 1784 2764 haesere,
1794 2713 1818 2754 et
1834 2707 1854 2754 ti
1866 2705 1963 2754 aeones
1972 2707 2117 2756 [ὀροροννο
2129 2707 2163 2754 de
2173 2705 2263 2752 οννονον

1625 2767 1745 2822 νονορνρ,
1761 2773 1787 2824 et
1799 2767 1864 2828 ρονε
1886 2771 2087 2828 ορρνοεεονρορν
2097 2767 2191 2828 juere,
2210 2779 2262 2828 ροο

1625 2843 1666 2878 εοε
1680 2827 1808 2878 maistres
1819 2843 1836 2876 e
1849 2829 1900 2876 ben
1916 2827 1989 2876 droit
2003 2843 2040 2876 ορ
2055 2827 2078 2878 te
2090 2829 2221 2890 querette,
2237 2833 2264 2876 et

1625 2905 1677 2950 que
1692 2889 1736 2938 s’it
1757 2905 1773 2938 e
1799 2889 1995 2938 contremende'
2019 2889 2058 2938 att
2084 2889 2171 2950 efeis
2195 2889 2259 2938 bans

1625 2949 1939 3010 contremensettaiens,
1952 2957 1979 2998 et
1991 2965 2043 3012 ροο
2055 2965 2095 2998 ses
2111 2951 2258 3012 tesmoinps
2292 2965 2293 2968 ¹

1625 3025 1641 3058 e
1667 3011 1826 3074 tesmaipnie
1841 3025 1911 3072 ροον
1936 3025 1986 3060 san
2012 3013 2124 3062 maistre
2148 3013 2261 3070 ονορον

1625 3073 1785 3130 toieument,
1802 3079 1826 3120 et
1841 3073 1903 3122 bien
1918 3087 2012 3122 οροονε
2023 3073 2113 3122 οννονρν
2125 3077 2150 3120 ον
2165 3085 2262 3120 ορρονε

1624 3147 1673 3180 san
1685 3133 1770 3180 aaaue
1791 3133 1815 3182 te
1826 3139 1991 3196 monstrem,
2005 3139 2031 3182 et
2041 3149 2042 3152 ¹
2051 3147 2108 3194 per
2127 3147 2176 3182 sen
2193 3147 2267 3192 cars,

1623 3201 1648 3242 et
1658 3207 1713 3256 par
1726 3209 1767 3242 ses
1788 3209 1878 3244 ermes
1901 3207 1935 3256 en
1949 3209 2013 3244 οονο
2028 3197 2062 3242 da
2073 3195 2120 3256 jar
2140 3201 2211 3242 mart
2224 3207 2260 3252 ορ

1622 3261 1749 3304 recreent
1772 3257 1796 3304 te
1812 3255 1942 3314 rendere,
1957 3269 2052 3316 seper
2070 3259 2136 3316 jour
2147 3271 2184 3304 ou
2203 3269 2260 3316 per

1620 3315 1684 3376 peis
1694 3317 1801 3378 faisant
1828 3329 1863 3362 ρο
1874 3317 2012 3368 demeure.
2025 3319 2052 3364 et
2075 3319 2110 3364 cit
2136 3331 2202 3364 seur
2213 3315 2260 3378 ρον

1622 3389 1657 3422 ορ
1674 3375 1780 3436 claime,
1790 3377 1884 3436 juere,
1897 3391 1948 3438 ροο
1967 3373 2020 3424 chit
2042 3377 2088 3424 n'e
2102 3377 2174 3424 droit
2188 3391 2223 3424 ορ
2235 3377 2265 3440 [ο

1622 3439 1751 3496 querette,
1762 3441 1789 3486 et
1808 3451 1860 3498 ροο
1874 3439 1894 3486 it
1910 3445 1935 3488 et
1955 3453 1996 3488 ses
2011 3439 2157 3500 tesmainps
2172 3451 2189 3484 e
2205 3443 2259 3486 tes-¹

1622 3499 1752 3560 moinpne
1761 3499 1833 3560 faus,
1848 3503 1873 3548 et
1887 3501 1965 3560 parte
1985 3501 2110 3548 menonis
2133 3499 2259 3548 tesmoin-

1621 3575 1710 3622 ρρορο
1726 3565 1751 3608 et
1760 3561 1910 3610 seirement
1922 3561 2048 3610 meueeis
2061 3567 2087 3610 et
2099 3561 2222 3618 destoiet,
2233 3565 2258 3620 et

1622 3621 1719 3682 quasit
1743 3621 1854 3670 meimes
1868 3635 1885 3670 e
1900 3621 1952 3682 [ονι
1971 3629 2157 3678 contremens,
2170 3621 2208 3670 eit
2222 3633 2258 3668 ρο

1620 3687 1682 3730 sant
1695 3695 1731 3730 ρο
1749 3683 1810 3746 Πνορ
1824 3697 1860 3730 ρο
1878 3681 1958 3740 Ἰ[ονο[,
1973 3689 1998 3732 ον
2025 3685 2166 3742 prendere
2190 3681 2258 3730 dont

1621 3745 1674 3792 altit
1688 3757 1738 3790 sen
1754 3745 1841 3804 ρρονιο
1851 3757 1905 3804 ρον
1930 3745 1953 3792 [ο
1962 3743 2058 3806 painp,
2075 3751 2100 3792 et
2114 3741 2177 3790 dire
2205 3755 2258 3802 ροο

1618 3817 1672 3864 per
1686 3805 1774 3852 chetei
1787 3805 1811 3854 te
1823 3811 1961 3854 monstere
1979 3811 2004 3854 et
2015 3819 2065 3852 eon
2075 3805 2154 3860 droit,
2168 3809 2194 3852 et
2208 3817 2257 3850 εορ

1620 3865 1746 3914 ροονινννο
1758 3867 1775 3912 d
1790 3879 1839 3914 εορ
1847 3865 2064 3922 eaoiiebeittere,
2072 3871 2099 3912 ei
2111 3877 2161 3912 sau
2171 3865 2259 3910 auaite

1620 3939 1653 3974 en
1670 3925 1708 3986 [ον
1722 3925 1838 3982 νονεονρ,
1857 3933 1883 3976 ον
1902 3927 1921 3974 [ν
1946 3925 2045 3974 enaiies
2063 3925 2148 3972 acient
2161 3925 2256 3986 juere,

1619 3999 1671 4046 ροο
1688 4001 1728 4034 ses
1740 3989 1868 4036 maistres
1880 4001 1898 4034 e
1912 3985 1984 4036 droit
2006 3999 2041 4032 ορ
2054 3985 2077 4034 νο
2089 3987 2217 4046 ρρονοννο,
2230 3993 2255 4034 et

1619 4048 1703 4108 queit
1715 4063 1733 4096 e
1745 4049 1799 4108 [ονν
1810 4049 1862 4096 νορ
1877 4049 2027 4096 seirement
2039 4053 2064 4094 et
2079 4047 2152 4104 toiet,
2165 4053 2191 4096 et
2202 4059 2254 4108 que

1619 4109 1681 4168 chit,
1707 4111 1755 4170 qui
1781 4109 1881 4158 eteime
1899 4121 1962 4156 seur
1985 4121 2034 4154 εορ
2060 4107 2183 4168 maistre,
2207 4109 2255 4156 n'e

1619 4171 1692 4218 droit
1715 4185 1750 4220 en
1773 4171 1798 4218 te
1812 4171 1939 4232 querette,
1955 4171 1981 4216 et
1996 4169 2063 4228 qu’it
2085 4173 2112 4218 et
2134 4183 2176 4218 εοε
2204 4175 2252 4218 tes-

1617 4231 1705 4278 mains
1732 4237 1757 4280 et
1772 4245 1821 4280 sen
1848 4231 1933 4278 eaaiie
1948 4243 1965 4276 e
1977 4229 2045 4290 jure
2067 4231 2182 4290 suaset
2201 4231 2256 4292 feti

1617 4291 1743 4340 maurinis
1755 4293 1903 4340 seirement
1918 4295 1944 4338 et
1958 4291 2082 4350 destaiet,
2091 4299 2116 4340 et
2127 4305 2162 4338 ορ
2170 4305 2256 4352 pren-

1618 4355 1669 4402 dre
1696 4353 1864 4414 t’eaoiieper
1892 4351 1916 4396 te
1936 4351 2018 4412 ρονρρ
2033 4351 2131 4410 desire,
2147 4357 2173 4400 ον
2186 4353 2253 4402 [ὀρ-

1618 4415 1710 4462 tenere
1721 4427 1821 4462 camene
1831 4411 1962 4472 perjures
1975 4419 2001 4462 et
2010 4413 2147 4462 destoieus
2163 4421 2189 4462 et
2198 4427 2254 4474 per

1616 4489 1665 4522 sau
1678 4489 1754 4536 corps
1767 4479 1794 4522 et
1803 4485 1857 4534 par
1873 4487 1915 4522 ses
1927 4487 2016 4522 ermes
2029 4475 2076 4534 qui
2089 4475 2130 4522 etti
2139 4481 2206 4522 sunt
2218 4489 2254 4524 ορ

1613 4541 1734 4598 present,
1748 4535 1810 4582 tette
1822 4533 1884 4592 [ονο
1901 4549 1937 4582 ορ
1949 4543 2019 4582 mart
2034 4551 2068 4584 ou
2078 4541 2205 4584 recreent
2216 4549 2252 4584 ορ

1615 4611 1670 4646 οννο
1685 4609 1749 4644 ορνο
1763 4595 1797 4642 de
1807 4595 1873 4656 jour
1886 4597 1911 4642 te
1923 4599 2036 4654 rendre,
2052 4611 2079 4644 se
2101 4613 2154 4660 per
2166 4597 2252 4658 respit

1616 4659 1647 4706 de
1655 4659 1722 4720 jour
1740 4669 1774 4702 ou
1787 4657 1820 4704 de
1830 4657 1938 4716 justice.
1954 4673 1988 4706 ou
2005 4673 2058 4718 per
2066 4659 2130 4720 peis
2144 4659 2253 4718 faisant

1615 4733 1649 4766 ρο
1664 4717 1790 4766 remeint.
1805 4717 1900 4764 Adane
1911 4733 1938 4768 se
1957 4719 2078 4766 treirant
2096 4721 2133 4768 tes
2142 4717 2250 4778 parties

1614 4781 1713 4834 eriere,
1728 4779 1754 4822 et
1772 4779 1949 4828 demoueront
1968 4779 1987 4828 ti
2000 4779 2085 4826 euaue
2111 4793 2176 4826 sens
2192 4781 2251 4828 [ορν

1613 4839 1723 4898 οορεονν,
1739 4843 1764 4886 ον
1788 4845 1877 4886 serant
1895 4841 1915 4888 ti
1929 4841 2015 4888 eeaue
2028 4841 2124 4888 beittte'
2141 4847 2167 4888 et
2179 4839 2249 4888 deti-

1613 4901 1658 4946 are
1670 4901 1687 4946 e
1700 4901 1727 4946 tat
1733 4899 1853 4960 justicie
1864 4915 1933 4962 pour
1944 4903 2016 4962 [οννο
2028 4901 2075 4950 alte
2087 4903 2116 4950 hi
2128 4901 2245 4962 doivent,

1613 4965 1638 5010 et
1661 4975 1695 5008 ne
1716 4969 1832 5022 porroet
1861 4963 1879 5010 ti
1905 4963 2191 5012 eaoiieaaeirconseii
2212 4975 2249 5010 ρο

1612 5021 1675 5068 eide
1697 5025 1890 5074 erriendemeut
1911 5023 2028 5084 d'ermes
2056 5041 2091 5072 ne
2123 5025 2247 5072 d'entres

1611 5097 1689 5140 cases,
1703 5097 1731 5132 εο
1745 5085 1798 5132 cleu
1805 5085 1884 5146 [ορνο
1898 5085 1967 5134 n'est
1978 5099 2034 5146 ρον
2054 5085 2124 5132 droit
2142 5089 2176 5132 ate
2184 5085 2248 5146 jus-

1612 5143 1680 5192 ticlte
1702 5147 1826 5206 ρνορρνοο
1853 5153 1878 5194 ον
1906 5145 2057 5202 continues,
2070 5153 2097 5194 et
2119 5145 2247 5194 s'aneeit

1611 5211 1695 5252 erent
1706 5205 1740 5254 ορ
1754 5207 1778 5252 te
1793 5207 1920 5266 querette,
1931 5207 1953 5254 te
1964 5207 2083 5268 justiciae
2096 5207 2157 5266 [ονο
2166 5209 2247 5266 ιν’ρνον

1610 5267 1646 5314 ed
1659 5267 1755 5314 acuties
1767 5267 1993 5326 cupresseement,
2004 5271 2030 5314 et
2042 5269 2100 5314 teter
2113 5267 2245 5314 escteiere

1610 5329 1656 5390 qui
1670 5329 1747 5376 n'ant
1758 5327 1852 5376 [ννοννοε
1867 5341 1901 5374 ρο
1925 5329 2049 5376 οοονναοε
2069 5341 2131 5374 seur
2146 5341 2197 5374 ens
2211 5341 2247 5374 ne

1609 5395 1688 5438 autre
1710 5401 1848 5446 ereneure,
1874 5389 1930 5448 [ονε
1964 5389 2002 5436 [οε
2028 5389 2137 5434 basians
2159 5391 2184 5434 et
2208 5387 2247 5436 tes

1609 5463 1692 5506 escus,
1707 5449 1755 5508 ρον
1768 5449 1813 5496 chi
1824 5455 1889 5494 sunt
1904 5461 1940 5496 en
1955 5453 2075 5508 present,
2090 5455 2116 5494 et
2129 5449 2178 5506 qui
2188 5461 2245 5508 per

1609 5511 1680 5558 droit
1691 5517 1717 5558 et
1727 5523 1781 5572 per
1795 5509 1829 5556 tei
1854 5509 1962 5556 doivent
1975 5507 2060 5566 eeoir,
2073 5513 2098 5554 et
2115 5509 2153 5558 tit
2167 5509 2245 5560 n'ont
