5076 6258
269 223 333 290 294
586 233 664 302 GHA

263 391 401 464 666666661
425 395 533 460 eusdem
565 397 635 460 leqes
660 399 816 456 custodiret,
842 409 901 458 qua

263 453 379 514 suerunt
391 469 422 504 m
434 457 552 506 Forestis
564 463 683 520 ternpore
696 459 810 508 Henrici
821 457 901 516 Reqis

260 517 336 578 patri
351 517 411 566 sui:
426 525 450 566 et
467 525 586 568 rrrvtasse
605 529 671 568 tunc
686 519 803 568 Foresta
817 517 900 566 liber-

264 583 334 628 tates
349 581 521 628 veliementer
531 595 587 628 non
598 587 638 630 est
653 581 776 630 dubium.

296 639 392 688 Oritur
404 641 452 688 sub
466 643 585 690 triennio
596 649 690 702 postea
703 643 778 688 inter
797 639 901 688 lohan-

263 713 327 748 666
343 703 444 764 Reqem
457 711 482 752 66
506 703 611 764 Papum
626 701 820 748 Innocentium
835 715 901 760 qra-

262 763 374 810 vissima
388 763 557 824 disceptatio,
573 775 631 822 quse
655 763 831 820 sequentium
844 775 901 808 om-

263 823 343 872 nium
357 823 401 872 hic
426 825 561 872 melorum
587 821 753 868 occasionem
773 823 900 882 praebuit.

263 887 371 934 Acriter
391 887 528 946 siquidem
542 883 770 930 contendentibus
786 883 819 930 de
838 883 902 932 elec-

264 949 338 996 tione
354 945 562 994 Centauricusis
579 943 785 1004 Arcliiepsscopi
812 945 901 994 Eccle-

264 1009 309 1056 666
321 1009 396 1054 666666Ι
409 1005 556 1062 Menechis,
571 1003 604 1050 lis
621 1003 657 1050 ud
670 1003 780 1066 Pupam
792 1019 902 1066 promo-

264 1075 395 1116 autumet
410 1081 470 1114 666
485 1067 518 1110 66
531 1069 629 1112 uentre
647 1063 739 1112 Eleoto
749 1069 903 1114 cosrsentire

265 1129 423 1176 6666666666
449 1127 585 1182 electores,
613 1137 704 1170 corum
733 1127 822 1186 Papa,
839 1129 862 1176 is
890 1141 903 1176 6

266 1195 333 1236 cartu
344 1185 657 1236 Cardinaliumsuorum
669 1187 902 1248 tertiuminqerit,

266 1249 390 1310 Auqlum
423 1247 517 1314 utique
554 1245 729 1306 Stephanum
775 1249 903 1310 Lurcqton

266 1309 392 1366 norrriue,·
416 1307 463 1354 sed
483 1309 640 1354 inconsulto
657 1309 735 1370 Reqe,
760 1315 786 1356 et
806 1315 902 1358 contre

266 1371 435 1418 voluntatem
459 1369 517 1428 ejus
541 1373 566 1414 et
583 1367 630 1426 jus
646 1369 741 1432 Requi.
762 1369 903 1420 blenechis

267 1437 361 1478 66666
374 1429 492 1486 imponit
506 1429 566 1476 sine
579 1443 655 1478 mere
669 1433 743 1478 huuc
756 1429 864 1494 eliqere,
878 1439 902 1480 et

266 1491 382 1540 electum
397 1489 509 1548 ipsemet
532 1491 627 1538 stetim
649 1497 794 1540 consecrat.
819 1493 903 1540 acat-

266 1557 366 1612 qnutus
399 1551 457 1598 Rea
494 1549 651 1612 lohannes,
688 1553 904 1602 Centauricuses

267 1611 413 1658 Monachus
439 1613 469 1658 in
498 1613 612 1660 edilium
636 1615 729 1674 mittit,
756 1627 903 1674 eorumque

268 1677 357 1720 terres
385 1673 514 1720 adscribit
537 1675 608 1736 lisca.
645 1675 806 1736 Insequitur
832 1675 904 1724 Cleri

266 1733 468 1792 meledictioet
496 1735 534 1784 ud
560 1737 669 1798 Papam
695 1737 787 1796 fertur
810 1735 903 1796 queri,-

267 1795 371 1856 monia,
388 1797 435 1858 qui
462 1797 560 1858 Reqem
590 1797 718 1846 ednseuet
739 1803 764 1846 66
786 1797 904 1844 mulcere

267 1857 371 1918 sutuqit
383 1859 588 1918 blandiloquiis,
601 1873 657 1908 666
671 1859 831 1908 audientem
842 1871 904 1906 6666

266 1917 384 1976 fulmine
391 1921 491 1968 sternit
501 1921 654 1982 Pontificio.
667 1921 761 1968 Primo
771 1917 904 1978 Auqliem

268 1985 352 2026 tetum
377 1981 425 2028 sub
449 1981 596 2028 interdicto
618 1981 707 2040 ponit,
723 1981 765 2042 (ut
791 1979 829 2026 sie
854 1993 904 2026 nec

267 2041 335 2100 Reqi
350 2041 458 2098 serviet,
480 2055 530 2090 nec
544 2041 597 2100 ipsi
615 2041 696 2102 Bee,·)
715 2041 781 2088 iude
802 2039 903 2100 Reqem

266 2101 493 2162 esseorum-anicet,
513 2103 678 2162 demumque
701 2101 830 2162 Reqnum
844 2101 903 2162 ejus

266 2161 396 2224 Philippo
420 2163 528 2212 Franco
548 2163 670 2212 decernit
695 2161 902 2224 capescendum.

267 2221 351 2270 Savit
369 2223 432 2286 jerrr
455 2223 597 2272 ,lohannes
614 2225 672 2272 Rea
695 2223 726 2270 iu
743 2223 903 2270 universum

268 2283 387 2342 Clerum,
409 2287 646 2348 proscriptumque
671 2283 782 2344 eapenit
809 2283 903 2344 direp-

268 2345 371 2392 toribus
386 2345 534 2406 Philippus
545 2347 611 2394 Rea.

297 2407 353 2454 Diu
368 2405 529 2454 decoratum
541 2419 589 2468 spe
602 2405 710 2468 Auqliee
720 2405 847 2466 Reqnum
861 2403 903 2450 iu-

265 2467 341 2526 qenti
364 2467 526 2530 eqqreditur
545 2467 694 2526 molimine,
711 2467 835 2514 subditos
856 2465 904 2524 qui

265 2527 337 2586 ferre
361 2541 441 2576 urmu
465 2535 588 2590 possunt,
600 2529 787 2590 undequaque
801 2531 903 2574 evecut.

266 2587 396 2636 Militiam
407 2591 589 2638 detrectantes
599 2589 768 2650 Culvertuqis
776 2589 904 2650 stiqmate

266 2651 426 2710 deturpatus
448 2651 592 2710 predicet.
619 2651 710 2700 Haeret
738 2651 769 2696 in
790 2651 903 2698 adverso

267 2709 345 2758 litore
363 2711 515 2758 iusrneusus
530 2711 647 2758 hostium
659 2711 810 2758 accercitus:
826 2717 850 2758 et
862 2711 905 2756 hic

266 2771 341 2878 {imm
355 2773 567 2832 confunduntur
578 2773 671 2818 66666
683 2785 697 2818 6
707 2769 828 2832 perfidia
840 2771 904 2818 sub·

288 2831 396 2878 iterum.

294 2891 411 2938 Fructus
424 2893 465 2940 his
482 2891 621 2954 anqustiis
636 2893 693 2940 Rea
713 2893 862 2950 lohannes,
878 2895 904 2940 66

266 2953 483 3014 quinquiennuli
496 2967 567 3012 pesse
585 2953 647 3012 jem
660 2953 786 3000 decoctas
802 2967 903 3000 eacum-

265 3015 463 3070 rnunicutione,
486 3013 693 3076 Pontificiomcns
710 3027 804 3072 suasu,
827 3029 853 3062 se
879 3021 905 3062 66

265 3073 363 3142 Reque
375 3087 426 3122 suu
448 3081 505 3122 tam
524 3075 632 3136 Arsqlisc
650 3087 734 3136 quum
755 3075 903 3134 Hibernia,

264 3147 296 3180 sn
324 3135 409 3196 Papae
434 3137 521 3184 credit
547 3135 745 3196 patrocinium,
775 3151 904 3184 ceronam

266 3197 383 3258 supplere
411 3197 497 3244 tradit
526 3197 625 3258 Leqate
663 3199 723 3258 circs
750 3197 902 3256 Pundulfo,

262 3257 344 3316 jurat
374 3259 509 3316 cessceptis
540 3259 667 3306 articulis
700 3259 903 3306 cesnrriissorum

266 3319 389 3366 orsrrrium
410 3319 681 3380 redinteqrutionem,
693 3325 718 3368 66
733 3321 805 3380 quod
820 3321 903 3368 bouus

266 3381 338 3442 leqes
359 3387 561 3430 antecessorum
582 3393 703 3438 suerum,
719 3387 744 3430 et
766 3383 903 3442 precipue

266 3441 337 3504 leqes
358 3441 493 3490 Eduardi
524 3441 606 3502 Reqis
632 3441 801 3500 Confessors's
827 3457 903 3492 revo-

266 3509 348 3564 caret,
378 3509 405 3550 66
431 3503 618 3550 observandus
645 3503 777 3552 truderet.
800 3505 903 3554 lerunt

261 3565 373 3624 puriter
386 3565 418 3612 in
442 3565 525 3634 Reqis
539 3563 666 3612 unimam
688 3565 726 3614 16.
750 3565 866 3614 Comites
878 3571 904 3616 et

263 3625 388 3674 Berones
413 3627 494 3674 nsults
513 3625 690 3686 potentiores,
706 3625 747 3674 ite
760 3631 903 3684 tumeant

264 3689 364 3748 Reqem
379 3687 546 3736 recidentem
560 3701 653 3734 ornnes
670 3689 708 3736 ed
722 3687 904 3736 articulorum

264 3755 391 3812 coqerent
408 3747 632 3796 observationem.
646 3747 752 3798 Praeter
764 3751 828 3806 haec,
844 3763 903 3798 666-

265 3825 326 3858 sum
341 3823 469 3856 annuum
482 3811 567 3870 Papae
583 3809 705 3858 concedit
717 3809 772 3856 700.
794 3823 904 3858 marces

263 3871 459 3934 sterlinqorum
479 3883 531 3932 pro
554 3883 638 3932 reque
655 3871 773 3930 Auqlta,
784 3871 839 3920 300.
854 3887 904 3932 pre

264 3933 408 3982 Hibernia.
424 3931 589 3994 Hernuqium
601 3945 660 3980 unu
671 3937 787 3994 praestet
802 3937 828 3980 et
839 3933 903 3994 lide-

265 3995 354 4044 litatis
365 3997 571 4058 iuramentum,
586 3993 754 4054 impletaque
761 3995 823 4054 jam
836 3995 903 4044 inte·

264 4057 365 4118 qritute
387 4055 557 4118 paenitentia
583 4055 738 4102 ministerio
768 4055 903 4116 Stephani

265 4119 477 4168 Centauricusis
512 4117 732 4178 Archiepiscopi,
773 4117 832 4174 ipse
869 4119 902 4164 ab

263 4179 553 4228 eacosnmuuscetieuis
597 4177 706 4228 vincsclo
756 4177 904 4226 Wintoniee

264 4243 421 4298 absolvitur,
433 4249 459 4290 et
480 4243 608 4302 Reqnuru
635 4237 742 4300 Auqlia
764 4239 797 4286 eb
816 4239 903 4288 inter-

265 4303 336 4350 dicto
349 4303 492 4362 liberetur,
506 4301 606 4350 ablutis
629 4301 707 4348 Clero
721 4313 791 4362 seqre
812 4301 904 4348 adbuc

264 4363 407 4412 restitutis.
424 4365 483 4414 Rea
498 4363 621 4414 Francia
638 4369 697 4424 post
713 4363 860 4410 evheustes
872 4361 904 4410 in

265 4425 329 4472 belli
341 4433 480 4486 apparatu
502 4441 548 4476 sea
575 4429 705 4474 centenas
730 4423 805 4472 mille
819 4423 904 4472 libres

263 4485 409 4546 (frendens
428 4489 499 4552 licei)
521 4503 538 4536 u
564 4489 645 4550 Papa
668 4487 828 4550 prehibetur
843 4487 903 4532 Au-

263 4545 351 4606 qliem
368 4547 506 4598 lacessere.

285 4607 345 4676 ,His
357 4609 398 4658 iia
407 4611 488 4672 qestis
500 4611 558 4658 Rea
569 4609 691 4658 loannes
701 4607 840 4658 Gerseiem
852 4621 904 4654 rsa-

263 4675 417 4728 erqutvrvc,
433 4675 458 4718 et
473 4673 591 4720 recentis
619 4673 744 4720 nondum
762 4669 904 4716 insistenter

260 4729 428 4788 purasne-nti,
459 4733 612 4780 Concilium
641 4733 676 4780 ad
707 4731 735 4780 S.
762 4731 903 4780 Albanum

262 4789 336 4850 prid.
362 4791 432 4840 Non.
457 4793 672 4854 Aequissienuo
699 4793 787 4854 Requi
807 4791 850 4840 sui
865 4793 902 4840 15.

264 4849 356 4912 edicit,
371 4867 423 4912 quo
442 4853 547 4912 inquiri
557 4855 640 4916 jurat
659 4855 692 4902 de
707 4853 819 4902 demnis
832 4855 903 4900 Prte-

265 4913 395 4970 6666666,
415 4919 463 4960 666,
490 4915 663 4964 Conveniunt
686 4915 809 4976 (abserstc
822 4915 904 4984 Reqe)

264 4987 388 5020 summus
411 4975 517 5034 6666666
531 4975 717 5032 1666666666,
734 4977 902 5036 Archieprse.

266 5035 345 5080 Cant.
370 5033 507 5094 Episcopi,
528 5041 553 5082 et
576 5035 730 5098 Meqnutes,
754 5049 904 5098 pacemque

264 5095 380 5158 Reqium
407 5095 736 5154 accusationemque
756 5101 831 5146 inter
845 5099 904 5146 elie

263 5173 297 5206 66
324 5161 407 5218 purte
428 5155 509 5218 Reqis
539 5157 656 5216 lirrrsiter
676 5159 850 5220 praecipiunt,
873 5165 904 5208 ut

264 5221 348 5282 Leqes
371 5219 483 5266 Henrici
498 5219 543 5264 666
558 5217 603 5264 sui
617 5217 718 5280 (idest,
735 5221 808 5268 Heu.
823 5221 858 5282 Ι.)
870 5223 903 5268 66

263 5281 390 5330 omnibus
414 5281 630 5338 custodirentur,
650 5283 674 5326 et
702 5293 795 5330 ovines
821 5283 904 5344 Leqes

263 5345 367 5406 iniquae
381 5341 492 5404 penitus
506 5345 719 5388 enervarentur.
733 5341 788 5390 Sed
814 5357 903 5392 cresse-

263 5407 368 5454 buutur
383 5407 438 5452 trac
451 5403 481 5450 in
495 5401 688 5464 qenerulibus,·
701 5415 749 5448 nec
761 5403 903 5452 constabat

263 5481 393 5530 qrrceneru
404 5471 484 5516 erent
499 5465 582 5524 Leqes
597 5463 650 5510 61666
665 5461 813 5510 11666661.
829 5463 902 5512 obso-

264 5533 323 5578 leta
334 5531 438 5578 scilicet
452 5525 651 5588 elposthabitee.
666 5523 807 5572 Hactenus
820 5527 904 5572 etium

1251 229 1329 298 CHA

951 393 1021 442 661666
1042 393 1139 442 datum
1166 395 1221 442 nisi
1249 393 1347 442 verbu:
1373 391 1443 440 nibil
1472 391 1588 454 scriptis,

951 455 1022 502 nilril
1037 457 1141 506 Charta
1154 457 1242 520 Reqia
1254 463 1279 504 et
1291 455 1380 518 siqillo
1393 455 1482 516 Requi
1494 453 1589 514 666666-

951 523 1067 566 ursatum.

982 577 1096 626 Reverso
1111 579 1193 638 16666,
1214 579 1233 628 S
1237 579 1359 640 quodum
1373 577 1489 626 celebrat
1501 577 1524 624 8.
1540 575 1588 622 Ce-

952 639 1025 688 lend.
1038 641 1174 700 Septemb.
1188 641 1218 686 in
1234 639 1358 688 Ecclesia
1372 639 1401 688 S.
1415 637 1501 688 Perdi
1519 637 1589 684 Lon-

952 701 1099 748 douierurn
1115 701 1348 760 ,66616666666666ι
1365 701 1410 748 666
1431 701 1504 748 66666
1517 697 1588 744 Pru-

953 761 1021 808 letos
1042 761 1124 808 666666
1136 761 1240 822 affuere
1265 763 1392 810 Procerus
1407 761 1504 822 Requi.
1520 759 1589 808 Acte

953 823 1157 882 aliquantisper
1189 821 1333 870 Ecclesiae:
1364 823 1590 884 Archiepiscopus

949 897 1075 944 proceres
1101 883 1263 944 uliquetiut
1288 889 1354 932 lunc
1371 885 1450 944 farrea
1474 885 1543 944 erat)
1559 883 1589 930 in

952 957 1086 992 recessum
1098 951 1183 994 vocat.
1196 945 1326 1006 Deplorat
1337 945 1498 1004 proiliqates
1511 945 1587 994 liber·

953 1011 1022 1054 tutes
1036 1005 1132 1066 Requi,
1146 1009 1171 1052 et
1187 1005 1271 1052 bones
1282 1005 1365 1066 Leqes
1378 1005 1511 1054 Bdscecdi
1524 1007 1589 1054 Con»

951 1065 1071 1126 sessoris.
1091 1067 1192 1126 Reqem
1212 1065 1396 1114 memoralia
1421 1065 1590 1114 absolutione

953 1141 1002 1174 sue
1026 1125 1179 1180 Wiutonias,
1198 1127 1307 1174 eusdem
1325 1125 1437 1186 jurasse
1454 1139 1588 1184 revocure,

953 1189 1023 1236 6666
1037 1187 1131 1246 Reque
1146 1187 1283 1246 66666661)
1301 1187 1428 1234 asserribus
1443 1187 1587 1236 obseruari.

953 1247 1008 1294 Hoc
1035 1255 1066 1296 ut
1089 1247 1185 1296 melius
1209 1247 1383 1308 appodiatum,
1408 1249 1522 1294 inventa
1550 1255 1589 1296 est

952 1309 1064 1372 (inquit)
1076 1321 1152 1356 ussnc
1166 1309 1292 1370 quiedam
1313 1307 1416 1356 Charta
1440 1309 1553 1358 Hearici
1565 1309 1587 1358 Ι.

953 1369 1035 1432 Reqis
1059 1369 1176 1432 Arsqlia,
1201 1383 1253 1430 per
1277 1383 1369 1430 quum,
1391 1369 1414 1416 si
1439 1369 1588 1428 volueritis,

954 1431 1092 1480 libertates
1107 1433 1155 1478 diu
1168 1431 1294 1492 emisses,
1300 1431 1428 1490 poteritis
1439 1431 1474 1478 ud
1487 1435 1589 1480 statum

950 1491 1103 1554 pristinum
1113 1505 1248 1540 revocure.
1259 1493 1391 1540 Chartam
1398 1493 1503 1552 profert
1513 1505 1522 1550 ;
1535 1505 1590 1552 que

951 1555 1074 1612 perlecta
1088 1555 1248 1614 juramento
1258 1553 1375 1600 invicem
1388 1567 1415 1602 se
1430 1553 1590 1614 astrinqunt

953 1615 1092 1674 Proceres,
1118 1629 1169 1676 pre
1195 1615 1266 1662 bisce
1290 1615 1463 1662 libertatibus
1483 1615 1524 1660 uel
1552 1613 1589 1660 ud

953 1681 1065 1722 eructem
1082 1675 1117 1736 (si
1131 1689 1174 1722 res
1186 1675 1316 1738 eviqeret)
1334 1679 1494 1724 certaturos.
1507 1675 1590 1722 Ferre

951 1735 1590 1796 polliceturArcaicptscopvseccistam.Coeunt

953 1797 1077 1858 sequenti
1086 1797 1210 1858 aune(id
1220 1803 1267 1858 est,
1279 1797 1349 1846 1214.
1362 1797 1411 1844 sub
1424 1797 1462 1844 14.
1475 1795 1588 1844 Celend.

953 1857 1171 1918 Novemb.)velut
1185 1857 1418 1918 orationisqretie
1433 1857 1470 1904 ed
1480 1857 1589 1904 Mones-

954 1919 1053 1966 terlum
1074 1919 1103 1966 S.
1135 1919 1279 1966 Edrssuudi
1306 1917 1461 1974 Buriensis,
1481 1919 1529 1966 sed
1556 1917 1589 1966 de

954 1979 1125 2026 libertatibus
1151 1983 1275 2026 tractant
1304 1979 1508 2032 restaurandis,
1526 1991 1589 2024 cen-

953 2043 1113 2098 ceptumque
1139 2039 1260 2086 Londini
1283 2039 1363 2102 prius
1384 2041 1588 2100 juramentum,

952 2099 1012 2146 illic
1024 2101 1113 2148 denuo
1125 2113 1209 2160 super
1223 2101 1314 2148 altere
1332 2105 1469 2148 renovent
1483 2101 1589 2160 siqillu-

953 2161 1011 2210 tim.
1028 2161 1137 2208 Parent
1161 2175 1220 2220 quse
1243 2163 1280 2208 ud
1293 2161 1394 2210 bellum
1417 2167 1551 2224 spectent,
1564 2165 1590 2210 et

954 2221 1113 2270 6666666666
1139 2221 1238 2270 deinde
1265 2237 1281 2270 e
1314 2223 1387 2284 Reqe
1417 2223 1589 2270 eorrteudunt

954 2283 1199 2344 confirmationem.
1224 2283 1276 2332 Ille
1300 2283 1410 2332 dierum
1424 2283 1529 2344 eliquat
1544 2285 1588 2330 in-

954 2345 1049 2392 ducias
1074 2345 1205 2404 postulat,¹
1223 2345 1270 2392 sed
1299 2345 1447 2406 respondet
1471 2345 1587 2404 demum,

954 2419 1101 2466 rsunquem
1115 2419 1143 2452 se
1152 2407 1302 2466 facturum.
1546 2427 1548 2430 ·

983 2467 1112 2514 Proceres
1124 2467 1273 2516 euercttuvr
1288 2473 1397 2530 coquat,
1407 2479 1488 2526 quem
1501 2465 1550 2512 Dei
1564 2471 1590 2514 et

955 2527 1063 2576 Sanctae
1073 2527 1199 2576 Ecclesia
1205 2529 1364 2586 nominent,
1373 2529 1494 2590 Reqique
1502 2527 1589 2574 adbee-

953 2589 1076 2636 rentibus
1099 2587 1237 2636 escidium
1262 2589 1434 2638 minitantur
1456 2595 1481 2638 et
1496 2603 1589 2636 rerum

953 2651 1076 2696 omnium
1099 2649 1289 2710 direptionem,
1307 2651 1338 2698 ni
1353 2653 1391 2696 ed
1412 2651 1485 2712 ipsos
1509 2663 1589 2710 ecqus

955 2711 1127 2758 convolantes
1151 2725 1264 2758 causam
1280 2711 1420 2770 publicem
1435 2715 1587 2758 tuerentur.

954 2771 1013 2818 Rea
1036 2785 1053 2818 u
1070 2771 1128 2818 suis
1148 2771 1189 2818 ite
1205 2771 1395 2830 decernendi
1414 2769 1445 2818 66
1461 2777 1517 2818 6666
1530 2769 1589 2830 ejscs

954 2831 1082 2880 clientela
1095 2833 1143 2880 cicc
1157 2837 1260 2892 septem
1271 2839 1455 2880 numerentur
1463 2831 1587 2890 Equites.

954 2893 1095 2940 Mitescens
1110 2893 1206 2954 iqitur,
1222 2893 1256 2940 de
1266 2893 1379 2940 arbitris
1391 2893 1526 2950 corsvcnit,
1541 2891 1588 2952 qui

953 2953 1086 3016 utrinque
1104 2953 1182 3002 electi
1207 2953 1363 3002 libertatum
1388 2953 1494 3002 dictant
1508 2953 1588 3014 Cepi-

955 3015 1023 3062 tule.
1042 3013 1202 3076 Eademque
1214 3015 1255 3076 (iu
1263 3019 1345 3076 prute
1357 3013 1433 3062 inter
1449 3015 1550 3064 stanes
1563 3017 1589 3062 66

955 3077 1197 3134 iVindeleslreceS,
1217 3077 1290 3136 quod
1313 3075 1415 3124 dicitvr
1443 3077 1588 3134 66666666-

955 3135 1218 3200 mecumtecum
1246 3137 1356 3186 Clrertis
1379 3137 1479 3196 (alteru
1503 3137 1587 3184 66666-

953 3201 1036 3246 66666
1064 3195 1203 3246 libertates
1216 3199 1332 3260 Anqliee,
1349 3199 1438 3246 altere
1463 3197 1588 3248 1666666-

953 3259 1027 3316 rum)
1040 3259 1130 3320 siqille
1145 3259 1227 3320 Reqio
1246 3261 1341 3322 drusut
1355 3265 1381 3308 66
1396 3259 1527 3308 concedit.
1544 3259 1590 3308 Sic

954 3321 1100 3370 Mutthaeus
1114 3319 1208 3380 Paris,
1226 3321 1274 3382 qui
1290 3325 1438 3382 utrumque
1457 3321 1590 3370 Chartam

953 3383 1097 3442 siqillatim
1112 3383 1227 3438 eulribet,
1241 3387 1266 3430 66
1283 3381 1420 3430 libertates
1433 3381 1548 3430 Forestee
1560 3383 1589 3428 in

955 3445 1050 3492 eedem
1062 3445 1194 3492 schedula
1214 3457 1276 3490 cum
1298 3443 1468 3490 libertatibus
1482 3445 1590 3504 Auqliee

954 3505 1089 3554 contineri
1103 3519 1155 3566 pro
1175 3505 1329 3566 capacitate
1340 3505 1384 3552 sui
1401 3517 1457 3552 uon
1469 3505 1590 3566 petuisse

954 3567 1062 3616 usserit.
1076 3565 1110 3614 16
1134 3565 1225 3614 Rubro
1248 3571 1342 3614 tumen
1368 3565 1435 3614 libre
1451 3567 1589 3616 Scaccurii

950 3627 1072 3690 ι6666666
1099 3627 1229 3686 eduntur,
1257 3633 1282 3676 66
1313 3627 1434 3688 confusis
1457 3627 1587 3684 articulis,

954 3691 1048 3738 surcltis
1061 3687 1146 3736 etium
1159 3689 1322 3736 desideretis
1331 3691 1368 3736 ad
1382 3689 1522 3736 Ferestum
1532 3703 1588 3750 per·

955 3751 1127 3808 tircentibus,·
1153 3747 1301 3812 adscriptis
1334 3751 1419 3798 etium
1447 3751 1589 3798 nonnicllis

956 3811 1065 3860 Charite
1077 3811 1170 3858 uerctri
1184 3811 1277 3870 (prout
1291 3811 1369 3860 hodie
1382 3811 1468 3874 cetat)
1484 3811 1588 3858 coutin-

953 3871 1089 3934 qentibus.
1102 3871 1175 3918 Sum
1190 3871 1237 3932 qui
1251 3885 1267 3918 e
1280 3871 1342 3932 loco,
1358 3871 1491 3936 Mequum
1505 3873 1589 3922 Char-

955 3941 1010 3980 tam
1030 3933 1221 3982 Reuniemeed
1244 3933 1398 3994 appellunt,
1413 3935 1590 3996 primumque

955 4009 1011 4042 esse
1026 3995 1122 4056 seruent
1142 3995 1217 4044 luris
1242 3995 1343 4042 icastris
1355 3995 1485 4058 scriptum
1514 3995 1590 4044 Codi-

953 4071 1019 4106 cenr.
1035 4057 1099 4104 Rrec
1115 4069 1133 4102 6
1146 4057 1239 4104 lutere.

984 4117 1160 4180 Adjunqitur
1175 4117 1241 4178 pedi
1257 4117 1365 4164 Chartae
1380 4117 1541 4166 Feresterise
1553 4117 1590 4166 ed

951 4179 1113 4240 praesidium
1138 4179 1294 4228 libertatum
1317 4179 1450 4234 emnium,
1476 4185 1589 4238 pactum

953 4253 1036 4300 qrave
1053 4245 1079 4288 66
1094 4239 1123 4286 66
1142 4241 1235 4302 Reque
1248 4241 1424 4288 inauditum:
1442 4239 1589 4300 Eliqeudes

954 4313 971 4348 a
982 4301 1137 4348 Beronibus
1160 4303 1199 4350 26.
1213 4301 1434 4362 Nomophqleces,
1449 4301 1496 4362 qui
1513 4301 1589 4348 liber-

954 4367 1044 4410 tatum
1076 4369 1220 4412 tuerentur·
1245 4363 1407 4424 castitatem,
1435 4363 1589 4426 Reqemque

953 4423 1044 4484 ipsum
1058 4425 1234 4474 vacillantem
1248 4425 1357 4472 brachie
1373 4423 1527 4474 cohiberent
1539 4439 1590 4484 po-

952 4485 1057 4546 pulari.
1084 4487 1185 4548 Reqem
1212 4487 1328 4546 insuper·
1349 4487 1420 4534 nihil
1458 4487 1590 4546 impetra-

955 4551 1050 4594 tururu
1065 4561 1116 4608 quo
1133 4547 1242 4606 aliquid
1262 4561 1450 4596 concessorum
1465 4547 1515 4606 lius
1528 4547 1589 4594 irri-

954 4611 1028 4654 tum:
1042 4609 1209 4668 irritumque
1230 4611 1289 4672 fere
1304 4609 1434 4670 quicquid
1460 4609 1589 4670 impetre-

954 4669 1034 4716 66666,

983 4729 1101 4778 Jurutur
1115 4729 1318 4792 premissorum
1332 4729 1513 4788 observantia,
1529 4743 1590 4776 curn

954 4805 971 4838 u
995 4791 1075 4852 Reqe,
1090 4799 1149 4840 tum
1175 4791 1381 4848 6116666666,-
1406 4799 1431 4838 66
1448 4791 1590 4852 eliquatur

955 4853 1177 4912 Norrsophqluces,
1191 4855 1238 4914 qui
1251 4853 1375 4900 ricimeris
1387 4855 1491 4900 cultum
1507 4853 1590 4900 etiam

950 4913 1051 4974 prr-unt
1078 4921 1103 4960 66
1119 4915 1243 4962 Berones
1256 4915 1306 4960 ulii
1324 4915 1482 4974 olrsequivru
1493 4927 1520 4962 se
1534 4915 1590 4960 illis

954 4973 1128 5022 cuhibituros,
1143 4975 1259 5022 llaudat
1283 4975 1341 5024 Rea
1354 4981 1488 5034 praeterea
1505 4975 1590 5022 litoris

953 5035 1112 5098 patentibus
1142 5035 1279 5084 universis
1307 5035 1415 5096 Arcqlin
1448 5035 1589 5084 66666666-

955 5095 1034 5152 tibus,
1052 5101 1083 5142 ut
1100 5097 1198 5156 jurare
1210 5097 1319 5158 facient
1336 5097 1469 5158 quoslibet
1481 5111 1534 5144 sua
1547 5099 1589 5144 di-

955 5159 1044 5218 tiouis,
1057 5171 1196 5206 concessas
1211 5161 1301 5218 feriere
1326 5161 1471 5218 libertates,
1487 5159 1589 5218 ipsusn-

958 5221 1057 5282 pseud
1086 5221 1133 5266 hee
1151 5221 1257 5280 Reqem.
1275 5225 1428 5268 castrorum
1455 5221 1587 5282 captione,

951 5295 1105 5344 provocare.
1121 5281 1223 5342 :lpuqa
1239 5281 1312 5338 Quin
1336 5287 1367 5328 ut
1391 5283 1461 5328 nihil
1481 5283 1588 5332 deside·

954 5353 1039 5402 66666,
1059 5345 1166 5392 Rullum
1178 5357 1195 5390 u
1205 5343 1283 5404 Papa
1294 5343 1424 5404 irnpetrat
1437 5343 1473 5392 acl
1487 5359 1587 5392 conces·

953 5407 1043 5456 sienes
1057 5419 1122 5454 sues
1134 5405 1312 5452 roboremlus.

985 5467 1065 5518 Brevi
1077 5473 1169 5514 uatem
1187 5467 1287 5526 Reqem
1294 5465 1407 5528 prurrltct
1419 5481 1432 5514 c
1446 5467 1588 5524 rnedullis;

953 5527 1590 5590 conqrurstequepluribusepudipsurncusssdcrn

1919 231 1997 300 ΒΗΑ

1638 395 1747 460 Papum
1768 397 1962 448 Innocentium
1982 395 2090 444 1161666
2105 401 2167 444 ectu
2186 397 2280 444 omnia

1639 457 1759 508 deceruit
1774 463 1866 520 irritu,
1880 461 2002 522 Reqique
2015 465 2039 508 66
2053 457 2210 504 Beronibus
2224 459 2279 528 ,irrr-

1637 521 1715 586 pouit
1752 523 1801 568 sub
1825 525 2010 578 anetho-ruem,
2037 525 2069 566 ut
2106 531 2195 578 neque
2219 533 2279 580 ipse

1635 585 1735 638 qurate
1749 587 1848 640 teneat,
1861 597 1948 644 neque
1963 583 2009 628 isti
2019 593 2145 630 concesse
2156 579 2278 640 eaiqent.

1638 639 1762 688 Berones
1773 643 1821 690 hoc
1833 643 1869 688 ad
1884 643 2060 704 Pepemnou
2071 647 2195 702 spectare
2207 655 2279 688 esse-

1639 707 1713 748 runt.
1748 703 1829 762 Pepa
1864 709 2013 752 renuentes
2051 703 2278 758 eeccorrunuuicat,

1639 773 1784 820 eorumque
1808 769 1896 810 terres
1916 763 2065 812 interdicto
2083 763 2195 824 premit.
2215 763 2279 808 Jem

1639 821 1733 870 educti
1761 823 1798 870 ed
1823 823 1971 880 insanium,
1994 825 2160 872 Ludovicum
2189 823 2279 884 lilium

1639 883 1719 944 Reqis
1744 883 1877 940 Francia,
1896 883 1947 930 sibi
1973 885 2082 948 eliqunt
2109 885 2140 932 in
2165 885 2277 946 Reqem,

1639 947 1687 1006 qui
1699 957 1789 1002 neque
1807 943 1941 1006 precibus,
1955 959 2042 1006 neque
2065 947 2148 994 minis
2163 945 2247 1006 Papa
2261 959 2278 990 e

1639 1005 1792 1066 direptione
1813 1003 1920 1066 Auqliu
1941 1005 2079 1064 prohiberi
2097 1007 2196 1068 potuit.
2220 1005 2278 1054 See·

1639 1069 1718 1116 ciunt
1741 1065 1784 1114 hic
1807 1065 1906 1126 ubique
1926 1063 2061 1112 intestina
2087 1067 2166 1126 bella,
2183 1067 2277 1126 cades,

1639 1127 1776 1182 incendia,
1790 1131 1817 1172 et
1829 1125 1941 1186 funeste
1955 1125 2060 1174 omnia.

1670 1189 1725 1238 Sed
1751 1187 1865 1234 6666666
1896 1197 1971 1232 6666
2001 1187 2127 1246 proscissio
2152 1189 2279 1236 16666666

1639 1249 1720 1310 Reqe,
1736 1249 1827 1310 silium
1842 1247 1899 1308 ejus
1921 1247 2106 1308 decennalem,
2124 1247 2277 1296 Hersricum

1638 1311 1689 1358 111.
1703 1309 1856 1370 suscipiunt
1880 1309 1988 1368 Reqem,
2003 1307 2051 1366 qui
2068 1313 2093 1356 et
2109 1309 2277 1356 666166666-

1640 1373 1712 1420 tioue
1721 1385 1771 1420 suu
1780 1371 1813 1418 de
1826 1383 1898 1418 more
1907 1371 1989 1430 jurat
2000 1369 2070 1430 leqes
2085 1369 2181 1426 bones,
2192 1369 2277 1420 melis

1640 1433 1782 1480 abdicatis.
1813 1429 2011 1492 Resipiscentes
2036 1431 2099 1492 jam
2132 1431 2278 1492 Maqnetes

1640 1495 1793 1542 destituunt
1818 1493 1995 1550 ludovicum,
2025 1491 2074 1552 qui
2104 1491 2184 1540 citius
2211 1491 2279 1542 inde

1638 1555 1755 1614 fractus,
1774 1567 1908 1602 recessum
1935 1555 2018 1600 etiem
2039 1553 2123 1614 juret
2147 1559 2173 1600 et
2200 1555 2278 1602 eble-

1640 1623 1728 1664 666666
1753 1615 1875 1662 emnium
1890 1613 2098 1662 restitutionem.
2114 1613 2197 1662 Jrrrat
2219 1615 2278 1662 Rea

1639 1677 1756 1726 vicissim
1779 1675 1881 1738 petitas
1908 1677 2024 1724 reddere
2039 1675 2187 1730 libertates,
2202 1681 2228 1722 et
2247 1675 2277 1722 isc

1639 1739 1765 1786 animem
1786 1737 1844 1798 ejus
1860 1751 1918 1786 unu
1939 1737 2039 1786 durent
2051 1737 2169 1798 Lequtus
2181 1735 2275 1796 Papae,

1639 1805 1664 1846 et
1678 1801 1818 1846 Protector
1840 1799 1920 1858 Reqis
1944 1811 2064 1858 maquus
2087 1799 2277 1854 Marescullus,

1639 1861 1749 1908 eusdem
1766 1859 1848 1908 etiarn
1863 1861 2014 1922 observare,
2027 1859 2207 1920 omnibusque
2222 1863 2278 1908 tru-

1640 1921 1703 1968 dere
1714 1921 1907 1970 ebserveudus.
1924 1921 1978 1970 Hoc
2004 1921 2078 1970 idem
2086 1921 2189 1982 jurent
2209 1921 2278 1968 uni·

1639 1981 1711 2028 versi
1722 1981 1860 2030 Proceres,

1669 2041 1744 2088 Duru
1753 2055 1829 2090 mere
1841 2043 1969 2098 nectitur,
1980 2043 2037 2090 vitu
2051 2041 2156 2090 cecedit
2168 2041 2277 2102 Philip·-

1636 2115 1690 2162 pus
1716 2103 1774 2152 Rea
1797 2103 1929 2160 Francia,
1949 2109 1973 2152 66
1997 2103 2151 2152 Ludovicus
2176 2103 2277 2150 sellum

1639 2167 1752 2222 666666
1779 2177 1831 2222 quo
1855 2167 1912 2214 Rea
1936 2165 2070 2212 Henricus
2095 2163 2277 2212 Nesmenniae

1637 2227 1705 2284 petit
1717 2223 1910 2286 redditionem,
1922 2233 2006 2284 prout
2018 2225 2161 2274 discedens
2171 2227 2275 2286 Aeque

1634 2287 1781 2346 juraverat
1793 2287 1955 2334 Ludovicus.
1970 2285 2159 2346 isperdetur,
2174 2287 2277 2334 Henri-

1639 2361 1701 2394 cum
1716 2347 1815 2406 Auqlis
1839 2361 1896 2394 non
1907 2347 2059 2396 restituisse
2072 2347 2114 2408 (ut
2127 2347 2276 2408 juraverat

1638 2407 1713 2470 item)
1727 2407 1866 2476 libertates
1879 2407 1994 2470 Acqtte,
2008 2421 2058 2456 nec
2077 2421 2104 2456 se
2119 2409 2179 2456 ideo
2205 2407 2277 2456 Nor·

1638 2481 1785 2518 manniam
1804 2469 2004 2518 restituturum.

1669 2531 1835 2578 66661223.
1857 2531 1938 2592 Reqis
1956 2531 1979 2580 7.
2003 2529 2228 2592 Archiepiscopus
2249 2535 2274 2578 et

1639 2593 1782 2654 Mequutes
1804 2593 1904 2654 Reqem
1920 2593 2101 2650 obtestantur,
2119 2597 2148 2638 ut
2161 2593 2276 2654 juretus

1639 2653 1816 2714 cerqirmuret
1853 2653 2007 2700 libertates:
2035 2657 2062 2700 et
2092 2651 2276 2712 respondente

1640 2715 1758 2772 quedam
1779 2719 1899 2762 eatertus
1917 2713 2003 2774 fuisse
2024 2725 2042 2758 a
2056 2719 2136 2772 putre
2147 2727 2203 2774 sao,
2217 2713 2277 2760 Rea

1638 2787 1731 2822 ornnes
1746 2773 1857 2838 (inquit)
1875 2773 2013 2824 libertates
2030 2775 2095 2822 illus
2105 2773 2274 2836 juravimus,

1639 2839 1663 2882 66
1676 2849 1769 2884 omnes
1793 2833 1899 2882 astricti
1924 2847 2026 2890 sumus,
2051 2841 2082 2882 ut
2103 2833 2175 2894 quod
2192 2833 2276 2896 jure-

1638 2895 1736 2952 vimus,
1755 2895 1932 2944 observemus.
1947 2895 2034 2944 Missis
2047 2895 2078 2942 in
2088 2895 2210 2956 sinqules
2227 2895 2276 2942 Co·

1637 2955 1752 3004 mitulus
1778 2957 1874 3014 literis,
1903 2955 2107 3004 Vicecemitibus
2137 2955 2276 3018 pracepit,

1638 3025 1668 3064 ut
1681 3031 1732 3078 per
1745 3023 1950 3064 sacramentum
1960 3019 1998 3064 12.
2013 3017 2134 3064 Militum
2149 3017 2190 3064 vel
2201 3017 2276 3078 lequ-

1639 3079 1708 3126 liem
1720 3079 1862 3126 bominum
1877 3077 1982 3138 inquiri
1999 3079 2131 3138 fecerent,
2148 3091 2277 3138 qsccenevs

1638 3143 1719 3188 erunt
1733 3139 1872 3188 libertates
1898 3139 2006 3200 Auqliee
2028 3145 2147 3200 tempore
2162 3139 2275 3188 Raurici

1639 3199 1683 3250 uvi
1699 3199 1758 3258 sui‘;
1772 3201 1818 3248 secl
1832 3199 1898 3260 quid
1914 3213 2073 3260 responsum
2087 3201 2123 3246 sit
2135 3213 2153 3246 6
2174 3201 2275 3250 Vicece-

1639 3259 1760 3318 mitibus,
1769 3275 1827 3310 non
1839 3259 1954 3322 reperio.

1669 3325 1785 3372 Demum
1794 3337 1869 3370 enne
1884 3323 1907 3370 9.
1917 3321 2006 3382 Reqis,
2019 3323 2184 3370 concedente
2198 3321 2275 3370 Clere

1639 3391 1664 3434 66
1678 3385 1778 3446 popule
1805 3397 1865 3432 cern
1896 3383 2074 3444 Muqnetibus
2104 3383 2275 3444 quintodeci-

1638 3461 1713 3494 mum
1720 3451 1831 3506 purtem
1844 3443 1967 3492 omniurn
1976 3457 2071 3492 rerum
2085 3445 2226 3492 mobilium
2240 3451 2275 3492 to-

1640 3509 1693 3556 tius
1718 3505 1808 3568 Requi
1832 3507 1947 3568 Auqliae,
1972 3511 2144 3554 renouentur
2167 3503 2276 3554 Charta

1640 3571 1806 3622 libertatum,
1820 3575 1900 3628 prout
1911 3567 1959 3616 sub
1975 3567 2045 3628 Reqe
2057 3569 2182 3616 iohanne
2195 3569 2274 3628 prius

1639 3637 1719 3678 eruut
1734 3631 1862 3678 condita:
1875 3627 1915 3676 ite
1929 3629 2002 3690 quod
2017 3629 2124 3676 Charta
2134 3637 2274 3678 utrorum-

1639 3705 1690 3752 que
1705 3691 1811 3752 Reqem
1833 3691 1863 3736 in
1891 3691 1968 3738 nulle
1987 3691 2169 3738 inveniuntur
2192 3691 2274 3738 dissi-

1637 3751 1725 3800 miles.
1748 3751 1832 3802 Verbo
1857 3757 1922 3798 sunt
1936 3751 2050 3810 Parisii,
2066 3765 2123 3812 quse
2150 3767 2199 3800 nos
2213 3751 2274 3800 ideo

1638 3813 1796 3870 recitemus,
1821 3819 1850 3858 66
1866 3811 2016 3874 indeqetur
2038 3811 2120 3870 ratio,
2145 3827 2274 3876 quorsum

1639 3889 1695 3922 nen
1711 3873 1892 3934 reperiuntur
1906 3873 1983 3922 hodie
2004 3873 2034 3922 66
2051 3873 2152 3936 Meque
2171 3875 2274 3922 Charta

1639 3935 1751 3986 Hearici
1766 3935 1817 3982 ΠΙ.
1847 3933 1959 3982 articuli
1982 3937 2123 3994 aliquota
2149 3937 2275 3984 Johenue

1640 3997 1764 4046 concessi.
1776 3997 1827 4044 Ille
1846 3997 1869 4044 si
1883 3997 1993 4058 quidem
2009 3997 2106 4058 primo,
2125 3997 2158 4046 de
2168 3997 2274 4058 persol-

1639 4059 1725 4108 vendo
1749 4059 1941 4120 defunctorum
1966 4059 2274 4120 66666616666666666

1640 4119 1712 4168 aliis.
1729 4119 1854 4168 Secundo
1867 4121 1899 4168 de
1920 4123 1998 4168 ruodo
2008 4119 2168 4180 imponendi
2183 4127 2274 4168 scute-

1638 4181 1716 4242 qiam
1738 4187 1764 4228 et
1787 4181 1922 4228 ancilium
1937 4181 2028 4244 Reqis.
2048 4183 2136 4230 Tertio
2150 4183 2184 4230 de
2197 4181 2274 4228 6666

1639 4243 1831 4290 6666666666
1847 4243 1995 4290 Commune
2008 4243 2160 4290 Concilium
2177 4243 2273 4304 Requi,

1640 4303 1710 4364 quod
1724 4309 1817 4364 postea
1829 4303 2041 4352 Purlurnenturn
2054 4305 2221 4366 appelletur.
2239 4303 2274 4350 Et

1640 4371 1736 4424 quarte
1745 4365 1777 4412 de
1794 4365 1872 4412 modo
1884 4367 1955 4414 cavit
1967 4379 2018 4428 quo
2031 4367 2169 4414 usualium
2183 4365 2275 4426 cupiat

1640 4425 1764 4474 subditus
1791 4439 1808 4472 u
1832 4427 1958 4476 vassallis
1982 4429 2038 4474 suis
2063 4441 2128 4488 ques
2150 4431 2274 4474 terserstes

1640 4489 1819 4548 appellemus.
1833 4489 1877 4546 Hi,
1893 4489 2009 4550 inquam
2021 4489 2051 4534 in
2067 4489 2205 4550 isnpressis
2218 4487 2274 4534 Ma-

1637 4563 1699 4610 qnec
1712 4549 1818 4596 Charta
1838 4549 2037 4612 eeernpleribus
2053 4563 2106 4596 666
2121 4549 2274 4608 deprehen-

1639 4611 1755 4664 duntur,
1781 4611 1867 4670 fuisse
1891 4619 1982 4658 iernen
2006 4613 2037 4658 in
2058 4609 2199 4670 prirrritiuo
2228 4609 2274 4656 illo

1639 4671 1814 4722 1166666111.
1828 4687 1841 4720 6
1866 4673 1973 4720 Perisio
1996 4673 2079 4732 vides,
2093 4671 2136 4720 cui
2151 4675 2177 4720 66
2191 4671 2274 4732 {idem

1638 4733 1793 4790 6666616666
1808 4735 1866 4796 equs
1882 4733 2017 4792 elius,ubi
2028 4733 2139 4792 dicitur,
2154 4731 2228 4792 quod
2246 4731 2276 4778 66

1638 4793 1817 4844 Parlamento
1847 4793 2088 4846 ’6616666666666666
2114 4795 2150 4840 66
2172 4795 2275 4854 festum

1640 4855 1668 4902 S.
1686 4855 1819 4902 Edrvurdi
1841 4869 1908 4904 666,
1935 4855 2045 4904 166666
2072 4861 2118 4906 est.
2136 4855 2214 4914 Reqis
2234 4855 2274 4902 239.

1639 4931 1798 4976 responsum
1812 4917 1865 4976 fuit
1889 4915 1956 4976 Reqi
1979 4929 1997 4962 a
2019 4915 2185 4976 Beronibus,
2201 4915 2273 4974 quod

1639 4991 1731 5026 ornnes
1753 4983 1818 5022 tunc
1835 4975 1962 5036 temperis
1977 4989 2032 5022 uon
2057 4975 2172 5034 fuerunt
2189 4975 2277 5036 juata

1639 5043 1760 5086 tenerem
1783 5037 1889 5096 blvqnee
1916 5035 2022 5082 Chartae
2048 5049 2102 5082 sua
2128 5035 2223 5092 vocati,
2249 5041 2274 5084 et

1639 5099 1699 5146 ideo
1719 5097 1779 5146 sinc
1793 5099 1906 5158 peribus
1931 5095 1986 5144 suis
2015 5101 2080 5142 turre
2106 5097 2273 5154 absentibus,

1638 5161 1747 5208 nullum
1767 5159 1911 5206 voluerunt
1934 5163 1998 5206 tunc
2016 5171 2176 5220 responsum
2199 5159 2274 5206 dere.

1640 5221 1682 5270 Me
1699 5221 1807 5280 recipio.

1671 5283 1786 5328 Charias
1798 5281 1858 5340 jam
1870 5281 1902 5326 de
1913 5293 1977 5328 novo
1989 5293 2128 5330 concessus
2139 5289 2165 5328 66
2177 5281 2275 5344 Siqillo

1643 5341 1721 5402 Reqio
1745 5343 1782 5388 ad
1807 5341 1979 5390 Parlameuti
2003 5341 2161 5402 petitionem
2177 5343 2273 5404 contir-

1639 5407 1728 5450 metas
1756 5403 1812 5450 ,1166
1837 5401 1868 5448 iu
1892 5403 2036 5464 querulibet
2063 5403 2160 5464 diriqii
2186 5403 2274 5450 Comi-

1640 5469 1727 5512 taturu
1739 5479 1746 5510 :
1760 5463 1789 5510 in
1805 5463 1883 5510 illum
1896 5463 1996 5512 scilicet
2009 5463 2056 5526 qui
2072 5465 2183 5512 Fercste
2192 5465 2273 5512 nullu

1637 5525 1822 5584 preurubatur,
1836 5527 1966 5586 Muqnern
1983 5527 2115 5576 Chartam
2129 5527 2224 5576 solans.
2239 5525 2272 5572 In
