5076 6258
252 247 318 310 156
546 247 630 318 Coit

248 407 280 456 in
294 423 347 470 que
365 423 413 470 pre
426 425 504 460 11666
517 413 624 460 1161111111
638 413 725 460 dictus
749 409 890 466 Arrrauric,

248 469 283 514 sit
299 475 423 520 66616616
444 479 469 520 61
494 475 621 532 taberne,
641 475 679 520 ud
696 485 777 532 qrtem
797 471 891 530 plures

248 531 409 588 decurrunt,
427 535 486 580 ideo
503 535 699 582 consulimus...
716 537 746 580 61
760 529 889 586 iuberem,

248 591 369 652 efficium
383 601 407 640 61
417 595 505 642 lecum
516 595 609 642 arsinus
619 591 888 646 Cernmunicebilem,

247 655 636 716 66661661166111ρο66111116,
660 655 737 712 sequi
763 657 891 700 ertantur

247 721 273 762 et
286 721 455 762 rtieneantur
466 715 598 774 peritios,
620 715 657 760 ad
685 727 750 772 qrtes
776 719 888 774 spectat.

249 775 320 824 Vide
332 775 410 824 infra
425 777 454 822 iu
472 775 690 822 Cernnumicare.

279 835 549 892 conuenientes
578 835 654 882 Vasa
681 837 819 892 argentea
845 835 888 884 vel

248 907 345 956 aurea,
365 907 487 956 11661616
512 895 587 944 inter
612 895 889 944 communicandum

250 959 399 1018 ususlnit,
424 969 486 1016 6616
507 957 537 1002 16
557 955 735 1006 stationibus
757 957 890 1018 praeiere-

252 1019 371 1068 bantur:
393 1021 452 1066 luee
466 1017 655 1076 bulengerius.
672 1019 846 1068 Anastasius
859 1021 889 1066 in

250 1081 344 1128 Leone
358 1079 408 1126 ΙΙΙ.
424 1079 477 1126 ΡΡ.
495 1089 560 1138 prag.
575 1079 621 1126 116
634 1093 639 1124 :
652 1077 726 1126 ¹Fecit
740 1093 800 1128 rere
817 1081 890 1128 Cern-

250 1139 402 1186 municalcs
418 1153 452 1186 erc
465 1143 581 1198 arpente
590 1137 742 1198 purissime
761 1155 813 1200 per
832 1141 890 1188 sin-

249 1203 330 1264 qulas
343 1201 475 1260 repleam,
497 1199 544 1260 qui
562 1201 750 1260 praecederent
769 1217 820 1264 ρ6ν
837 1209 890 1252 616-

250 1263 336 1312 tiones
357 1273 405 1322 per
431 1273 531 1310 rannus
556 1261 753 1324 Accipiberum
776 1279 891 1312 nurnero

249 1325 287 1372 21.
303 1337 380 1384 pens.
395 1321 476 1370 6111161
493 1323 537 1372 lib.
554 1327 603 1372 etc.

279 1385 296 1418 11
311 1383 443 1434 Tabellas
465 1397 515 1432 sen
538 1387 699 1444 mensulas,
729 1399 792 1446 quae
821 1389 890 1438 olim

250 1447 466 1496 Enelrarisliam
499 1449 661 1510 accepturis
691 1449 890 1512 supponeban-

251 1511 306 1564 tur,
330 1509 575 1568 quemadmodum
596 1509 681 1558 bodie
707 1511 889 1572 linteamina,

250 1569 635 1632 intelligendassuspicatur
648 1573 749 1632 Georg.
766 1573 889 1630 Rbodig.

228 1635 229 1638 ’
250 1629 313 1680 Lib.
330 1633 492 1692 deuitare.
513 1633 594 1682 Rom.
626 1633 733 1682 Pontii.
759 1645 822 1696 cap.
851 1633 888 1682 28.

249 1697 303 1742 art.
317 1693 340 1742 5.
361 1695 432 1744 Vide
446 1695 551 1744 Baren.
569 1695 603 1742 ad
621 1695 741 1744 661167.
756 1695 831 1756 silc.

278 1753 582 1816 subducerentur,
612 1755 692 1804 Idem
716 1759 792 1816 <qued
818 1757 890 1804 Cern-

248 1817 396 1928 61661ρῦ1ἐρ
405 1831 440 1868 ex
460 1821 514 1868 vet.
537 1819 647 1866 blissal.
674 1819 751 1880 apud
774 1817 889 1866 Castell.

249 1891 315 1940 pag.
349 1913 364 1926 .
399 1919 403 1928 .

280 1939 292 2002 i
316 1939 602 1996 connumeratus,
629 1939 708 1988 inter
731 1939 892 1998 666116611-

251 2003 311 2050 6166
326 2003 346 2050 11
362 2003 510 2060 dicuntur,
522 2003 570 2062 qni
587 2011 665 2050 mere
688 1999 817 2050 veterum
839 1999 891 2048 Ni-

251 2063 423 2112 colaitarum
447 2065 545 2110 emnia
576 2061 685 2112 liabent
713 2061 890 2110 communia.

252 2125 419 2174 Gualterius
440 2125 469 2172 in
497 2137 561 2172 saec.
586 2123 624 2170 16.
653 2123 892 2170 Cernnutnicantes

251 2185 309 2234 ulia
323 2185 440 2234 notione
454 2185 582 2232 smuttur
596 2185 660 2246 post
678 2185 837 2232 Cernmunie
851 2185 875 2230 4.

281 2245 291 2306 Ἰ
306 2247 329 2296 1.
346 2245 592 2296 connumeras.
607 2245 678 2296 Vide
693 2245 852 2292 Cenrmuuio
868 2247 889 2294 1.

281 2307 891 2364 tin.commentantiumsaeranecneris·

252 2371 292 2418 tia
306 2371 412 2430 saepius
425 2371 610 2428 intelligitur,
625 2371 657 2416 ut
668 2367 801 2418 observat
822 2369 891 2416 Can·

252 2431 318 2488 gius
333 2431 362 2476 in
379 2431 538 2478 Communia
554 2431 576 2478 q,
593 2431 688 2478 Sedet
701 2431 735 2478 de
753 2441 827 2490 pane
845 2427 891 2478 be·

252 2491 366 2538 nedicto
390 2501 610 2550 nonnumquam
638 2489 792 2550 accipitur,
819 2491 892 2538 teste

252 2553 284 2598 D.
299 2551 336 2598 Le
356 2551 419 2600 'Vert
434 2563 499 2612 pag.
512 2551 567 2598 114.
582 2551 644 2608 ere
657 2551 761 2598 ultima
773 2551 891 2600 notione

250 2613 376 2662 occurrit
387 2613 416 2660 in
430 2615 502 2662 stet.
516 2611 690 2662 Laniranci:
706 2611 892 2660 Cernmunicet

249 2675 376 2720 sacerdes
401 2675 472 2734 ipsos
496 2687 635 2734 pauperes
657 2675 692 2722 ele
713 2673 812 2722 oblatis
835 2687 891 2720 nen

250 2735 423 2782 consecratis.
440 2733 510 2782 Vide
532 2735 590 2782 alio
615 2745 702 2782 sensu
725 2737 792 2794 post
815 2735 891 2782 Corn*

249 2795 344 2842 1116616
357 2797 381 2842 4.
395 2797 423 2844 61
439 2795 515 2842 infra
528 2795 558 2842 in
576 2793 736 2842 Cernmnnie
749 2795 771 2844 8.

280 2853 297 2888 ²²1²
308 2855 547 2904 Ceururnureuuu.
561 2857 669 2904 Charta
680 2857 768 2904 Henr.
781 2855 818 2902 ΙΙ.
831 2867 890 2914 reg.

250 2915 334 2974 Angl.
351 2913 522 2974 proLibert.
546 2917 685 2964 Norman.
708 2927 742 2964 ex
767 2917 836 2974 neg.
864 2917 890 2964 S.

251 2977 329 3024 Justi
341 2975 420 3022 Cam.
436 2975 570 3036 Comput.
583 2977 675 3024 Paris.
688 2977 736 3024 iol.
749 2977 789 3024 36,
801 2989 822 3024 r.
837 2977 890 3024 col.

248 3037 277 3084 2:
294 3035 325 3082 Si
340 3035 508 3096 quisautem
521 3037 657 3086 decatere
682 3041 786 3086 terram
812 3049 891 3084 suam

249 3097 335 3144 alicui
360 3097 476 3144 deminae
502 3097 635 3158 relipiesae
657 3097 696 3146 sic
724 3099 841 3158 dederit,
867 3103 892 3148 et

249 3171 333 3218 super
351 3159 399 3206 bec
420 3157 657 3218 Cernmunieatur,
678 3165 727 3208 etc.
759 3163 813 3210 Sed
836 3162 890 3220 leg.

250 3219 368 3268 omnino
384 3219 578 3268 Convincatur.
599 3219 820 3282 Cernnmniqner,
840 3235 891 3282 pro

248 3279 428 3340 Apprecber,
453 3281 712 3342 ,tppreptnquarm
742 3283 890 3346 succedere,

249 3343 279 3390 in
296 3343 351 3390 Lit.
368 3343 482 3390 remiss.
497 3355 564 3392 ann.
587 3343 657 3392 1111.
680 3355 714 3394 ex
741 3345 811 3404 neg.
836 3343 890 3394 tae.

250 3403 406 3464 Clrartoplr.
423 3415 483 3462 reg.
497 3405 542 3454 cb.
558 3403 621 3452 604:
638 3405 750 3454 Circuit
763 3407 795 3454 de
813 3405 891 3454 Men-

249 3463 334 3512 nn'rul
347 3463 447 3512 s'esteit
461 3463 546 3514 vante
569 3465 636 3526 qu'il
655 3467 804 3516 inanieroit
830 3469 891 3516 bien

251 3525 432 3586 lesupplicnt
446 3531 470 3574 61
492 3531 587 3574 661166
609 3541 644 3574 66
669 3527 758 3592 despit
782 3529 816 3578 de
842 3529 891 3590 lui,

251 3589 306 3636 s'ilz
320 3601 354 3636 ne
367 3601 394 3636 se
410 3587 558 3648 qardeient
571 3587 604 3634 de
625 3589 648 3636 le
667 3589 891 3652 Cerrrrnuniquer.

250 3649 321 3700 Vide
340 3661 372 3698 sn
396 3661 427 3696 ra
443 3647 697 3698 Cemrnunicebilis.

280 3661 578 3770 conussmeuntuu,
600 3713 707 3774 Papiae,
729 3713 891 3774 Participa-

249 3773 323 3820 edum
350 3773 571 3822 cerrimunicatie.
598 3775 633 3820 In
663 3775 774 3824 Glossis
800 3775 890 3826 isid:

250 3835 435 3884 Partierium.

279 3895 292 3958 ‘t
308 3893 591 3954 conuenientius
607 3895 661 3954 Qui
679 3897 892 3946 Canonicorum

252 3957 431 4006 Corrumrnias
451 3955 609 4006 distribuit.
635 3959 672 4006 Le
700 3957 837 4006 Bresscur
861 3959 890 4008 in

249 4019 325 4068 Ilist.
353 4021 517 4070 Comitatus
544 4017 729 4068 Ebroicensis
759 4031 824 4078 pag.
852 4021 891 4070 ll.

250 4081 364 4132 Probat.
380 4099 385 4130 :
401 4081 432 4132 Si
447 4087 540 4130 6616111
557 4079 692 4128 Canonici
707 4081 814 4140 aliquos
829 4083 891 4130 red-

251 4144 324 4192 ditus
337 4159 425 4194 emere
438 4141 575 4192 coluerint
588 4141 773 4204 cimmerici,
791 4141 814 4190 si
827 4157 891 4204 per-

250 4219 322 4254 sena
334 4207 362 4256 S.
371 4207 467 4254 Albini
477 4211 503 4254 et
512 4205 563 4252 alii
575 4201 790 4254 Centrunnicarii
802 4207 891 4264 requi-

250 4267 296 4314 siti
311 4267 344 4318 de
359 4283 406 4316 sue
417 4281 522 4330 ponere
533 4267 672 4316 coluerint
688 4267 815 4314 similiter
827 4279 891 4326 pur-

251 4329 405 4390 ticipubunt
428 4335 453 4378 et
479 4329 730 4378 cernruunicabunt.
757 4327 889 4378 ibidem:

252 4389 416 4452 Cornputum
430 4397 524 4454 eutem
535 4391 651 4440 reddere
674 4389 892 4440 Cernrnuniearii

250 4465 298 4522 666
314 4453 474 4524 deceptores
487 4455 655 4504 tenebuntur
667 4453 698 4500 in
722 4453 819 4502 Natali
837 4453 891 4500 De-

251 4527 331 4572 16161,
347 4521 396 4564 etc,

278 4573 410 4626 iiClrarta
423 4591 490 4626 ann.
505 4579 574 4628 1268.
588 4577 663 4626 iuter
675 4577 758 4626 instr.
769 4579 837 4626 tom.
852 4575 890 4626 11.

187 4693 188 4696 Ἴ
250 4635 324 4686 Call.
341 4639 513 4690 Cbrlstcol.
529 4639 723 4700 2661161661
745 4653 828 4702 super
851 4653 891 4698 ee,

249 4699 321 4768 qued
347 4699 451 4750 dictum
472 4703 625 4764 capitulum
653 4701 765 4762 petebat
801 4701 892 4750 eidem

248 4773 372 4822 episcope
412 4763 533 4826 injunpi,
570 4765 644 4824 qued
674 4763 889 4820 distributiones,

249 4835 319 4892 qucts
334 4821 406 4870 idern
422 4825 563 4886 episcopus
578 4827 608 4874 in
622 4839 672 4874 sue
688 4825 814 4874 absentia
826 4837 892 4888 per-

249 4889 319 4946 cepit
333 4891 357 4930 61
373 4885 516 4946 percipere
530 4887 678 4946 censuerit,
696 4895 817 4948 qraetuer
838 4889 892 4936 cle-

249 4945 313 4994 ricis
336 4945 555 5016 Constantiensis
573 4951 688 4998 eccles-ire
704 4963 756 5012 per
774 4963 891 4996 analium

250 5008 468 5056 Cornmunrcarll
488 5015 621 5072 creparet¹
642 5017 691 5062 etc.
714 5011 786 5062 Vide
814 5011 891 5060 inira

249 5069 475 5120 Distributerius.

279 5129 519 5182 conmunicent
540 5131 658 5182 11166116.
683 5134 755 5184 Vide
781 5133 890 5182 1116666.

278 5193 291 5258 i
304 5191 564 5252 condemnatio,
578 5195 891 5246 Sumtiosacroscnctse

248 5257 450 5308 Errelraristim.
474 5257 648 5304 Contractus
674 5259 889 5308 arrendamenti

167 5373 168 5376 Ἴ
247 5321 420 5370 blenialinm
454 5317 605 5368 Artaceuae
640 5329 707 5366 ann.
747 5321 816 5368 1468.
856 5333 890 5370 ex

248 5383 367 5432 Sebedis
383 5381 518 5430 Praesidis
535 5379 569 5426 de
584 5377 765 5440 Marcusques:
787 5381 891 5430 Debent

247 5443 344 5492 dere...
359 5443 477 5490 1161111166
497 5441 663 5490 Sacristenre
684 5455 771 5488 unum
788 5441 890 5504 justici

245 5503 316 5562 trini,
329 5505 395 5550 dum
409 5505 445 5552 sit
456 5501 684 5552 Cernruum'catie.
698 5501 889 5550 Communica-

247 5565 282 5612 tio
296 5565 443 5626 utriusque
454 5565 563 5628 speciei,
580 5567 609 5616 in
622 5563 720 5616 Dianio
736 5563 802 5614 belli
818 5565 890 5614 Hus-

1232 243 1315 310 cell

939 407 1026 472 sitici,
1043 409 1119 470 apud
1132 409 1281 468 Lndeuiq.
1298 411 1368 458 tem.
1387 405 1411 454 6.
1436 417 1500 468 pag.
1523 403 1577 454 129.

940 469 1011 518 Vide
1029 469 1281 532 6611116611161.[1111
1296 471 1449 526 Berengar.
1472 469 1577 514 Teren.

941 531 1003 578 adr.
1015 531 1171 580 Lanfranc.
1182 531 1229 580 lib.
1244 533 1348 592 poster.
1363 541 1428 592 pag.
1442 529 1489 578 38:
1504 527 1580 584 Quod

940 591 963 638 si
995 605 1038 640 me
1069 591 1182 660 plicare
1219 591 1361 640 ecclesium
1388 589 1579 638 cerrununiene

939 651 1102 712 scripsisti...
1111 653 1263 700 secundum
1273 655 1382 702 nullam
1394 651 1579 702 eruditionem

941 713 1081 774 scripsisti,
1098 715 1170 772 qued
1191 715 1371 776 participatio
1392 717 1579 762 sacramente-

940 787 1004 820 rnm
1016 775 1116 820 altaris
1129 787 1273 834 nunquam
1285 775 1396 836 proprie
1419 775 1579 824 Cemrnunie

940 835 1050 892 dicitur,
1065 835 1111 882 sed
1129 835 1367 898 Communicetie]

971 895 984 956 ‘l
1008 897 1248 946 Conunurcurro
1274 897 1391 946 Enucrr
1417 897 1518 954 Parus,
1550 897 1579 946 id

941 961 993 1016 est,
1016 959 1105 1006 Panis
1127 957 1278 1006 benedicti.
1304 955 1434 1006 Libellus
1459 959 1580 1020 supplex

941 1021 1149 1068 Monachorum
1162 1019 1245 1068 Fuld.
1256 1019 1358 1066 Carelo
1370 1019 1406 1068 bl.
1419 1023 1576 1080 porrectus,

941 1081 1016 1128 inter
1031 1081 1102 1128 Acta
1120 1081 1166 1128 SS.
1181 1081 1329 1128 benedict.
1341 1091 1405 1128 saec.
1421 1081 1443 1128 4.
1465 1083 1539 1142 part.
1556 1081 1578 1128 1.

941 1153 1005 1252 pag.
1019 1141 1065 1190 261
1078 1159 1082 1188 z
1100 1141 1176 1198 Quod
1190 1141 1473 1190 Cornnumicatrenem
1488 1141 1580 1188 Fracti

965 1203 1028 1252 anis
1043 1205 1109 1252 ante
1128 1203 1216 1250 eibum
1244 1201 1366 1264 parotidie
1393 1217 1500 1252 6616616
1523 1217 1579 1250 666

941 1269 1098 1326 respuetur,
1114 1265 1266 1312 secundum
1282 1265 1407 1326 ecempla
1422 1265 1580 1326 praeceden-

941 1329 1011 1374 tium
1025 1327 1152 1374 Petrum.

971 1387 987 1422 u·
1002 1387 1303 1446 conuenientium,
1321 1387 1393 1436 Gall.
1421 1387 1580 1434 Communi-

941 1449 1017 1510 catif‚
1031 1451 1084 1508 Cari
1095 1463 1191 1500 rernm
1203 1461 1323 1498 suarum
1334 1447 1458 1500 libenter
1466 1449 1579 1510 copiam

942 1513 1020 1562 iacit.
1036 1513 1119 1560 Jean.
1136 1513 1170 1560 de
1184 1511 1362 1560 Cardalhaco
1376 1521 1461 1560 serm.
1482 1511 1511 1558 in
1527 1511 1580 1558 As-

942 1577 1050 1634 sumpt.
1066 1573 1097 1620 B.
1112 1573 1149 1622 ui.
1166 1589 1170 1620 :
1194 1571 1289 1622 Simus
1303 1573 1392 1634 fontes
1421 1571 1579 1618 Communi·

941 1633 1024 1682 catini
1050 1647 1139 1696 aquas
1165 1633 1324 1682 diuitiarum
1347 1639 1505 1680 nostrarum
1529 1645 1581 1696 per

941 1697 1177 1756 eleemosynarum.
1192 1693 1376 1756 lurqitienem.

973 1755 1277 1808 COMMUNIGATCRIAE
1301 1757 1437 1816 Lissum,
1461 1755 1580 1820 116666-

942 1817 983 1868 1161
999 1819 1127 1868 actuaria&
1141 1819 1284 1882 γράμματα,
1302 1817 1432 1866 Palladio
1457 1817 1487 1865 ill
1513 1817 1581 1866 Vita

943 1879 1139 1936 Chrysestemi
1156 1891 1221 1940 pag.
1235 1879 1273 1928 24.
1289 1879 1445 1936 6611616666,
1466 1879 1496 1926 ill
1523 1881 1580 1928 NO-

943 1951 1101 1990 mocanene
1117 1941 1193 1990 edite
1206 1951 1223 1988 a
1238 1941 1349 1988 Joarme
1365 1939 1448 2002 Bapt.
1470 1941 1581 1990 Cetele-

942 2001 984 2050 rio
998 2011 1059 2062 cap.
1073 2003 1127 2050 461.
1144 1999 1316 2050 dicebantur
1329 2011 1377 2062 666,
1398 2011 1470 2062 (quas
1497 2001 1581 2062 Epis-

943 2063 1005 2126 copi
1016 2061 1126 2112 dabaut
1140 2063 1237 2124 lapsis,
1253 2067 1280 2112 et
1293 2065 1394 2110 exacta
1406 2063 1581 2124 poenitentia

943 2125 977 2172 ad
995 2125 1235 2172 Commnnionem
1260 2125 1404 2184 receptis:
1435 2125 1580 2174 interdum

942 2185 1030 2234 etiam
1061 2185 1195 2234 fidelibus
1225 2185 1464 2246 peregrinaturis,
1492 2187 1520 2234 et
1550 2185 1580 2232 in

943 2247 1069 2296 alienam
1094 2247 1244 2296 ‹lioecesim
1271 2245 1454 2308 proiecturis,
1482 2259 1537 2306 ique
1565 2259 1580 2294 a

943 2309 1054 2358 canteris
1068 2309 1200 2358 lidelibus
1213 2311 1244 2358 in
1258 2309 1499 2356 Communionem
1512 2307 1580 2356 reci-

943 2371 1087 2430 perentur.
1104 2371 1202 2430 Neque
1215 2371 1294 2418 enim
1317 2369 1422 2416 licebat
1445 2369 1581 2416 Clericnrn

943 2429 1068 2476 alienum
1097 2431 1130 2478 ab
1157 2431 1251 2492 alique
1276 2427 1379 2490 suscipi
1407 2429 1467 2478 sine
1496 2431 1581 2478 literis

943 2491 1071 2552 Episcopi
1084 2491 1136 2550 sui,
1152 2505 1241 2552 neque
1255 2491 1332 2552 apud
1347 2505 1374 2538 se
1388 2491 1516 2548 retinere,
1533 2505 1582 2540 nec

943 2551 1058 2600 Laicnm
1071 2565 1207 2614 usurpare
1221 2551 1272 2600 sibi
1286 2551 1319 2602 cle
1332 2551 1408 2612 plebe
1428 2553 1530 2610 aliena,
1551 2557 1581 2600 ut

943 2627 1005 2662 eum
1020 2613 1164 2662 ordinaret
1177 2613 1236 2662 sine
1248 2613 1416 2662 con-scientie
1431 2615 1491 2676 ejus
1503 2615 1581 2672 Epis·

943 2677 1010 2736 cepi,
1031 2675 1065 2722 de
1086 2677 1165 2738 cnjus
1190 2677 1269 2736 plebe
1296 2681 1365 2722 erat.
1392 2675 1486 2724 Verba
1513 2677 1581 2724 sunt

944 2735 1064 2784 Concilii
1081 2737 1216 2794 Carthag.
1230 2737 1252 2784 I.
1267 2749 1330 2784 can.
1343 2737 1367 2784 5.
1379 2735 1492 2786 Harum
1505 2747 1581 2784 men·

943 2797 983 2844 tio
996 2797 1190 2846 occurritnon
1208 2797 1295 2844 semel
1313 2797 1389 2858 apud
1410 2799 1443 2844 D.
1466 2797 1581 2854 negus-

944 2857 1037 2906 tinum
1052 2857 1143 2918 Epist.
1159 2857 1212 2906 162.
1229 2857 1325 2906 61168.
1340 2859 1369 2906 61
1379 2857 1428 2906 lib.
1440 2857 1462 2904 3.
1475 2857 1581 2906 Contra

943 2919 1042 2968 literas
1058 2917 1194 2968 Petiliani
1210 2929 1272 2980 cap.
1286 2917 1310 2968 1.
1325 2919 1356 2968 in
1373 2917 1501 2968 Concilio
1521 2917 1582 2966 Eli·

944 2979 1065 3028 beritan.
1079 2991 1140 3042 cap.
1154 2979 1193 3028 25.
1207 2979 1246 3028 58.
1261 2979 1368 3028 616161.
1386 2981 1408 3028 I.
1427 2989 1489 3030 can.
1505 2979 1527 3026 9.
1553 2981 1581 3028 61

942 3041 1047 3100 Agatlr.
1064 3041 1179 3088 666112.
1195 3041 1302 3090 Auctor
1323 3041 1368 3088 est
1390 3043 1527 3100 praeterea
1553 3041 1580 3088 S.

942 3103 1124 3162 Augustinus
1136 3103 1214 3150 dicta
1230 3103 1323 3164 Epist.
1339 3103 1394 3150 163.
1413 3101 1581 3150 Communi·

943 3163 1068 3212 eatorias
1085 3165 1163 3214 easd.
1184 3175 1245 3212 esse
1267 3175 1333 3212 cum
1353 3163 1509 3210 Ferrnatis:
1531 3163 1581 3212 sed

944 3225 1136 3274 Ferruciacum
1178 3235 1283 3274 nemen
1318 3227 1486 3282 cenericum
1518 3235 1580 3274 esse

942 3287 1092 3336 contendit
1107 3287 1314 3344 BernardinuS,
1331 3289 1416 3346 utque
1429 3285 1580 3346 complecti

944 3349 1232 3404 Communicatorias,
1260 3349 1458 3410 Dimissorias,
1481 3347 1581 3396 Pacili-

943 3411 1068 3466 666616.
1082 3409 1154 3460 Vide
1170 3409 1194 3456 E
1214 3409 1345 3458 istelium.

973 3423 1265 3520 connumeremur.
1292 3473 1425 3530 synodus
1443 3469 1581 3540 Herbipc-

943 3533 1273 3592 16661666111281666.
1290 3533 1334 3580 16·Ι
1356 3533 1395 3580 De
1418 3531 1581 3582 habentibus

943 3595 1014 3642 duas
1026 3595 1164 3642 alcarius:
1177 3593 1348 3656 Presbyteris
1364 3595 1434 3642 ditas
1454 3595 1581 3642 6616166-

942 3655 1086 3704 nicaturus
1111 3655 1232 3716 recipere
1256 3655 1431 3718 probibemus
1460 3655 1579 3718 ernnine,

943 3731 1005 3766 cum
1017 3715 1183 3778 impossibile
1198 3715 1233 3764 sit
1247 3717 1319 3776 qued
1331 3715 1503 3780 sufficienter
1518 3731 1581 3778 pes·

942 3777 978 3826 sit
991 3777 1121 3826 Ecclesiis
1134 3777 1236 3826 seruire
1251 3777 1368 3826 11661166.
1383 3779 1414 3826 Id
1436 3781 1489 3836 est,
1508 3779 1581 3828 diras

943 3841 1087 3888 Ecclesiae
1112 3841 1141 3888 in
1171 3839 1276 3900 quibus
1308 3839 1500 3902 colludentem,
1531 3851 1581 3888 seu

943 3901 1064 3950 Missam
1091 3901 1236 3958 celebrnt;
1267 3903 1323 3950 nisi
1351 3903 1505 3962 legendnm
1544 3901 1581 3950 sit

948 3961 1147 4020 Vicariaturas,
1162 3973 1212 4024 pro
1232 3961 1367 4012 Vicaries.

1002 4025 1080 4072 Idem
1094 4025 1208 4072 videtur
1220 4025 1295 4084 qued
1314 4023 1478 4072 Communia
1490 4025 1512 4072 3.
1526 4025 1581 4072 Pie-

944 4083 1064 4134 tributio
1088 4097 1191 4148 nempe
1215 4097 1265 4134 seu
1287 4087 1476 4148 stipendium,
1506 4087 1581 4146 qnod

943 4159 976 4196 ex
994 4145 1075 4196 benis
1088 4147 1215 4198 ecelesiae
1230 4147 1398 4208 assignatur
1415 4147 1581 4210 presbytero

942 4209 1023 4258 illam
1040 4209 1223 4260 deservienti.

973 4269 989 4302 ‘²²‘
1015 4269 1338 4332 eonneuttoottttn,
1372 4271 1486 4320 Titulus
1514 4269 1581 4320 libri

944 4333 1025 4380 1666.
1039 4333 1183 4382 Walensis
1195 4333 1287 4382 ordin.
1301 4333 1424 4380 fratrum
1436 4333 1581 4382 Minorem

943 4405 998 4444 XII.
1013 4405 1095 4444 saeet
1113 4395 1227 4444 Summa
1244 4393 1431 4442 collectionum
1445 4409 1492 4444 scu
1508 4395 1581 4442 Cem-

942 4455 1144 4516 mnnilequimn
1157 4471 1175 4504 a
1187 4457 1222 4516 fr.
1237 4457 1362 4504 Jobunne
1379 4455 1509 4504 lVelensi.

973 4515 1024 4576 11.
1050 4515 1233 4576 nonnemo,
1261 4517 1463 4566 Conrmunitas
1489 4517 1581 4564 bomi-

942 4589 1013 4626 num
1031 4579 1118 4628 unius
1154 4579 1234 4628 urbis
1256 4579 1300 4630 vel
1322 4579 1429 4640 oppidi.
1459 4579 1529 4628 Vide
1551 4579 1580 4626 in

945 4639 1092 4688 Commune
1106 4641 1130 4690 2.

972 4699 985 4760 ‘l
1008 4701 1030 4750 2.
1062 4701 1245 4762 COMMUNIC,
1276 4701 1446 4752 Communis
1471 4713 1579 4750 mensa.

943 4765 1076 4812 Edward.
1093 4765 1130 4812 ΙΙ.
1147 4765 1205 4814 Rex
1218 4765 1302 4824 ungi.
1318 4765 1409 4824 Epist.
1425 4765 1460 4812 ad
1477 4765 1492 4812 J
1495 4765 1581 4812 olran-

942 4835 1008 4874 nem
1022 4825 1111 4874 XXII.
1127 4825 1235 4888 Papam
1250 4825 1326 4886 apud
1340 4827 1497 4882 Humerum
1511 4827 1580 4874 torn.

941 4887 963 4936 3.
979 4897 1044 4950 pag.
1060 4885 1115 4936 886.
1129 4887 1182 4936 eol.
1198 4889 1230 4936 1:
1249 4887 1316 4934 Cum
1332 4887 1448 4936 dilectus
1461 4887 1536 4934 nobis
1551 4887 1581 4932 in

943 4947 1059 5006 Clniste,
1079 4947 1223 5008 Confesser
1248 4963 1279 4996 uc
1305 4947 1458 5008 fa'rniliaris
1480 4953 1579 5008 nester,

941 5009 1040 5058 Frater
1059 5009 1192 5058 liebertus
1217 5011 1251 5060 de
1276 5011 1389 5072 11611616
1416 5011 1449 5058 de
1480 5009 1581 5058 Ordine

941 5071 1167 5128 Praedicaterum,
1202 5079 1317 5134 prepter
1357 5071 1580 5122 Communicnem

941 5147 1026 5194 quum
1040 5133 1119 5182 babet
1135 5147 1197 5182 cam
1209 5135 1281 5192 aliis,
1298 5133 1363 5180 dum
1376 5141 1468 5180 nostre
1477 5133 1581 5182 assistit

942 5195 1030 5254 lateri,
1045 5195 1187 5244 silentimn
1203 5209 1402 5256 usquequaque
1411 5195 1495 5258 juata
1514 5195 1581 5244 dicti

944 5257 1057 5306 Ordinis
1087 5257 1255 5320 enipentiam
1284 5261 1405 5320 nequeat
1429 5259 1580 5316 obseruare,

942 5319 1098 5368 Clementiae
1112 5325 1204 5368 vestra
1229 5321 1425 5382 supplice-mus,
1448 5321 1580 5380 quatinus

941 5381 1029 5432 cidem
1043 5383 1188 5446 indulqere
1203 5383 1369 5440 diqnemini,
1382 5389 1413 5430 ut
1430 5381 1460 5430 in
1484 5395 1580 5430 ricensa

941 5445 1015 5504 loqui
1029 5445 1130 5500 661661,
1150 5457 1183 5492 66
1205 5443 1269 5490 aliis
1295 5443 1351 5492 suis
1377 5443 1584 5504 Confrntribus,

941 5511 1031 5554 uestra
1060 5505 1149 5566 fretus
1175 5503 1356 5562 atteteritetc,
1383 5505 1511 5566 loquendi
1550 5507 1579 5552 in

1891 233 1974 304 6οΜ

1628 417 1749 464 presens
1760 403 1824 464 erit,
1837 403 1980 454 licentiam
1993 401 2106 466 tribuat,
2126 401 2170 448 sui
2189 401 2271 450 Ordi-

1630 467 1674 514 nis
1688 467 1863 514 ebservantia
1876 481 1933 514 nen
1948 467 2081 514 obstante.

1660 527 1710 588 13.
1730 525 2014 588 conuenturum,
2033 527 2202 576 Communis
2226 525 2270 576 be-

1631 601 1733 640 norum
1749 589 1902 652 possessio
1924 591 2014 652 Epist.
2049 589 2157 640 Odonis
2182 589 2269 638 Cano-

1631 653 1688 700 nici
1702 653 1804 710 neunt.
1821 653 1898 712 apud
1911 651 2066 702 Aclrerinm
2078 655 2147 702 tom.
2163 651 2187 700 2.
2207 651 2270 712 Spi-

1630 715 1677 762 cil.
1694 725 1758 774 pag.
1774 713 1836 760 525:
1854 713 1887 760 In
1907 715 2078 772 professione
2101 715 2186 776 ipitur
2207 727 2271 760 nes·

1631 781 1704 822 tra...
1721 773 1804 820 tria...
1817 775 2005 834 premisimus,
2020 775 2185 834 castitatem,
2197 775 2270 822 Cem-

1631 835 1799 892 munienem,
1817 835 2011 884 obedientiam.
2034 835 2107 886 ibid.
2126 847 2192 898 pag.
2205 835 2269 886 527:

1631 899 1761 946 Dicamus
1786 897 1819 944 de
1846 897 2071 946 Communicne...
2103 899 2172 954 Quia
2199 897 2270 946 nibil

1631 961 1749 1008 carterius
1762 959 1950 1022 prepriumse
1975 961 2047 1008 uidet
2074 961 2182 1018 bebere,
2210 959 2269 1010 ideo

1631 1021 1856 1070 Cernmunienem
1868 1035 1896 1070 se
1906 1021 2027 1082 perfecte
2043 1029 2125 1082 putat
2143 1027 2244 1072 tenere.

1661 1087 1684 1132 4.
1701 1081 1885 1142 conuento,
1901 1083 2139 1132 Connnmeann.
2152 1085 2203 1132 Hae
2222 1097 2268 1132 ve·

1631 1157 1677 1194 ees
1693 1145 1770 1192 varie
1786 1147 1943 1194 sumuntur
1957 1143 2035 1204 apud
2057 1145 2157 1194 Patres
2183 1147 2212 1194 et
2237 1147 2267 1194 in

1630 1207 1786 1254 Consiliis:
1803 1217 1871 1256 nam
1898 1203 2108 1254 Cemmanieare
2121 1207 2267 1268 dicuntur,

1631 1269 1679 1328 qni
1695 1279 1761 1316 cnm
1775 1267 1871 1326 alique
1887 1267 2122 1316 communionem
2145 1267 2270 1318 invicem

1632 1327 1749 1388 liabent,
1763 1331 1797 1378 ut
1810 1329 1967 1378 Christiani
1985 1341 2017 1378 ac
2033 1327 2140 1378 fideles.
2158 1329 2268 1378 Deinde

1632 1391 1841 1442 Cernmunicare
1854 1391 1960 1440 dicitur
1974 1391 2021 1450 qui
2033 1401 2147 1438 sacram
2161 1391 2270 1440 Enclra-

1631 1453 1745 1502 ristiam
1784 1453 1916 1514 percipit.
1956 1451 2162 1500 Prenitentiale
2212 1453 2279 1502 MS.

1631 1513 1787 1562 Tlruanum
1804 1531 1809 1562 :
1824 1513 1975 1562 Sciendum
1992 1521 2032 1562 est
2050 1513 2122 1576 qued
2140 1515 2163 1562 1.
2182 1513 2269 1562 medis

1632 1575 1858 1624 Cemnnrnicatur
1879 1577 1911 1624 in
1937 1573 2069 1634 Ecclesia,
2096 1575 2136 1622 661
2166 1575 2269 1636 Corpus

1631 1637 1743 1684 Domini
1754 1639 1896 1694 surncnde,
1920 1639 1960 1684 vel
1983 1649 2077 1696 pacem
2101 1635 2205 1692 dende,
2231 1635 2270 1684 661

1631 1697 1847 1746 benedictionem
1860 1699 2001 1756 sumendo,
2015 1705 2046 1748 61
2060 1699 2091 1746 in
2104 1699 2160 1758 fine
2173 1696 2268 1756 1111666,

1631 1761 1672 1808 vel
1697 1761 1810 1820 quande
1838 1759 1947 1818 dicitur,
1973 1759 2137 1808 Ilnmilltate
2162 1773 2205 1808 ves
2233 1759 2270 1806 ad

1631 1819 1857 1878 benedictionem,
1874 1821 1945 1882 qued
1967 1821 2025 1870 idee
2047 1821 2206 1870 institutum
2222 1823 2269 1876 661,

1631 1889 1662 1930 ut
1686 1881 1708 1928 si
1733 1883 1794 1942 quis
1818 1883 1867 1928 bec
1889 1883 1968 1928 1116116
1992 1897 2047 1930 nen
2072 1879 2268 1942 Communicet,

1633 1941 1820 1990 Cerrurrunicct
1833 1945 1887 1992 1116.
1906 1945 1946 1992 De
1962 1945 2049 2004 priori
2074 1943 2200 1998 notione,
2229 1943 2271 1990 sic

1632 2003 1754 2066 Papias:
1787 2003 1947 2050 Cernrnunie
1981 2005 2083 2052 dicitur
2115 2003 2271 2066 spiritualis

1631 2065 1780 2124 esca,quia
1805 2065 1835 2112 16
1860 2079 2000 2116 aerumnae
2027 2067 2063 2112 ad
2087 2065 2271 2126 vivificandas

1631 2127 1743 2174 66111166
1760 2139 1777 2172 6
1804 2125 1909 2174 cunctis
1935 2125 2087 2188 percipitur
2116 2125 2217 2188 diqnis.
2243 2125 2269 2174 S.

1632 2189 1759 2236 ioannes
1775 2189 1946 2236 Damascen.
1961 2187 2010 2236 lib.
2027 2191 2049 2236 1.
2064 2189 2098 2236 de
2116 2187 2186 2236 Fide
2208 2197 2270 2248 cap.

1631 2251 1653 2298 4.
1681 2249 1723 2298 ait
1754 2249 1979 2296 Communienern
2004 2249 2176 2310 nuncupari,
2204 2249 2271 2308 quie

1631 2323 1681 2372 per
1695 2311 1789 2372 ipsam
1813 2311 2064 2360 communicamus
2091 2311 2214 2368 Christe,
2243 2311 2272 2358 et

1631 2371 1698 2432 quia
1713 2371 1924 2434 participamus
1943 2373 2006 2432 ejus
2036 2383 2121 2420 carne
2147 2375 2175 2422 et
2204 2371 2271 2418 Dei·

1631 2435 1700 2488 tate,
1717 2435 1746 2482 et
1760 2433 1827 2494 qnia
1841 2433 2092 2482 communicamus
2105 2433 2133 2482 et
2153 2433 2270 2482 unimur

1632 2495 1668 2540 ad
1685 2493 1808 2542 invicem
1821 2505 1871 2554 per
1883 2495 1987 2554 ipsam.
2004 2493 2166 2542 Concilium
2181 2493 2271 2540 Turo-

1633 2565 1721 2602 116666
1734 2553 1770 2602 ΙΙ.
1786 2565 1849 2602 ean.
1865 2557 1897 2604 e:
1924 2555 1968 2602 Ad
1996 2555 2135 2602 erendum
2159 2565 2221 2602 rere
2246 2559 2271 2602 et

1634 2615 1911 2674 Communicandum,
1927 2615 2017 2664 ‚Laicis
2029 2619 2055 2664 et
2066 2615 2186 2678 feminis,
2200 2615 2271 2662 sicut

1631 2691 1689 2726 mes
1701 2683 1750 2738 est,
1760 2681 1878 2736 pateant
1891 2677 1998 2726 Sancta
2012 2677 2188 2726 Sanctarum.
2201 2677 2271 2724 Con·

1632 2739 1734 2786 cilium
1748 2739 1919 2788 Toletanum
1934 2739 1981 2788 IV.
1998 2749 2061 2788 can.
2072 2739 2103 2788 18
2115 2753 2120 2784 z
2134 2737 2271 2786 Nonnulli

1633 2797 1794 2848 Sacerdotes
1807 2805 1868 2858 pest
1880 2799 1986 2848 dictam
1999 2801 2151 2848 orationem
2177 2797 2271 2846 Demi-

1631 2859 2105 2916 611111661661611616611666616661,
2127 2863 2178 2908 etc.
2206 2857 2271 2920 [Ac-

1632 2921 1689 2968 tive
1720 2921 1846 2968 sumitur
1878 2923 1908 2968 in
1946 2921 2108 2982 Capitulari
2144 2921 2271 2968 secundo

1633 2981 1782 3030 Theodnlii
1796 2981 1931 3042 Episcopi
1946 2983 2094 3030 Arrrelian.
2115 2983 2191 3040 apud
2216 2981 2271 3028 Ba-

1632 3043 1687 3090 lnz.
1702 3045 1770 3090 tom.
1782 3043 1804 3092 t.
1818 3043 1938 3092 bliscell.
1977 3055 2021 3100 ag.
2045 3043 2094 3092 46:
2123 3043 2197 3090 Tunc
2219 3043 2272 3092 Sa-

1631 3103 1725 3152 cerdos
1740 3103 1785 3152 det
1800 3103 1824 3152 ei
1835 3055 2073 3166 (mgrotoSpacem
2096 3109 2121 3152 et
2144 3103 2271 3152 Commu-

1631 3165 1704 3214 nicet
1730 3179 1792 3214 enm
1818 3165 1927 3214 dicens:
1959 3165 2063 3226 Corpus
2092 3173 2118 3214 et
2149 3165 2272 3226 Sanquis

1631 3227 1743 3274 Domini
1754 3229 1789 3274 sit
1802 3227 1850 3274 tibi
1865 3225 1988 3274 remissie
2002 3227 2126 3276 611161616
2145 3231 2271 3288 peccate-

1632 3287 1717 3350 rum]
1730 3289 1802 3338 Vide
1815 3287 2042 3336 Cemrnunieatie.

1661 3349 1677 3382 '³'
1692 3351 1919 3398 Cortrrnunienem
1940 3355 2076 3410 sanctam,
2102 3351 2130 3400 in
2156 3349 2226 3410 Reg.
2243 3349 2269 3398 S.

1631 3413 1737 3460 Bened.
1754 3423 1816 3474 cap.
1832 3413 1871 3460 88.
1896 3413 1976 3470 Quod
2001 3415 2036 3462 de
2057 3423 2140 3462 sacra
2155 3413 2269 3460 Eucha-

1632 3475 2269 3534 ristiaintelligendnmessecolligitnnqnia,

1631 3535 1782 3586 deliciante
1805 3535 1881 3596 vine,
1910 3537 1984 3594 qnod
2007 3537 2072 3646 post
2095 3535 2271 3586 communie·

1631 3609 1697 3646 nem
1712 3599 1869 3658 sumerent,
1883 3597 1919 3646 ab
1941 3609 2004 3646 666
2026 3597 2184 3646 stinebant.
2201 3597 2270 3656 Reg.

1632 3659 1741 3708 visitat.
1769 3659 1878 3708 Odonis
1905 3659 2031 3720 archiep.
2055 3661 2208 3718 Rotomag.
2238 3671 2271 3706 ex

1633 3721 1698 3768 Cod.
1716 3731 1774 3778 reg.
1792 3721 1860 3768 1216.
1877 3719 1925 3768 iol.
1943 3719 2009 3768 888·
2028 3719 2135 3782 Septies
2152 3721 2183 3768 in
2194 3733 2269 3766 anne

1633 3787 1762 3830 tenentur
1774 3781 1926 3840 (moniales
1942 3781 1969 3830 S.
1985 3781 2094 3844 Albini)
2107 3781 2231 3844 confiteri
2246 3787 2271 3828 et
2356 3799 2357 3802 ¹

1634 3841 1837 3890 Comrmmiceri
1851 3857 1859 3890 :
1880 3841 2038 3890 invenimus
2054 3851 2147 3892 166166
2160 3857 2206 3892 666
2219 3841 2271 3890 611-

1631 3903 1760 3964 quociens
1778 3903 1864 3964 facisse
1885 3905 2055 3966 nepliqentes
2069 3919 2151 3966 super
2165 3907 2271 3964 1166161

1632 3965 1763 4014 dicerunt
1776 3967 1849 4026 qued
1862 3965 1909 4012 bec
1924 3967 2157 4026 pretermiserunt
2168 3967 2268 4028 facere,

1632 4041 1681 4088 pre
1705 4041 1734 4076 ee
1756 4027 1828 4086 qued
1851 4027 1947 4074 61611111
1969 4033 2031 4088 pest
2048 4027 2271 4076 Communienem

1632 4103 1688 4136 *nen
1702 4087 1848 4136 1166611661.

1662 4149 1679 4182 'i‘
1696 4151 1869 4210 Religiosior
1879 4153 1941 4198 erat
1952 4161 2020 4210 erga
2034 4161 2147 4200 sacram
2161 4149 2271 4200 Enclm·

1633 4213 1854 4262 ristiamenltus
1870 4213 1945 4272 apud
1974 4213 2130 4262 menacbos
2156 4213 2181 4260 S.
2213 4213 2271 4260 Ste-

1633 4273 1721 4334 phani
1733 4273 1920 4322 Cndomensis
1937 4289 1941 4318 :
1956 4285 2020 4322 eam
2034 4273 2111 4322 enim
2124 4273 2269 4336 percipere

1633 4345 1689 4384 nen
1719 4333 1880 4396 omittebat,
1907 4335 1954 4396 qni
1985 4335 2094 4384 sanctis
2122 4333 2268 4394 mysteriis

1632 4397 1733 4444 aderat
1746 4397 1886 4452 murister,
1905 4397 2091 4446 didiscimus
2114 4409 2148 4446 ex
2172 4397 2271 4446 eodem

1633 4459 1701 4516 neg.
1715 4457 1763 4508 iol.
1775 4459 1830 4506 216.
1842 4469 1877 4506 v0.
1904 4475 1908 4504 :
1931 4457 2109 4504 Visileuiuurs
2130 4461 2269 4506 monaste·

1631 4519 1875 4566 6661611661166.
1899 4519 2036 4580 Stephani
2061 4519 2095 4566 de
2123 4519 2271 4568 Cademe...

1634 4579 1837 4630 Consueverant
1862 4581 1934 4642 qued
1955 4595 2049 4628 earnes
2078 4579 2270 4628 ministrantes

1632 4641 1722 4690 missis
1735 4643 1788 4690 nisi
1803 4647 1891 4690 essent
1913 4657 1961 4704 pre
1975 4643 2121 4700 1161666116,
2147 4643 2272 4690 Ceramu-

1632 4705 1760 4752 nicurent
1772 4703 1878 4764 corpori
1893 4711 1919 4752 et
1936 4703 2208 4766 666661616161611.Ι
2224 4701 2271 4752 sed

1631 4765 1714 4812 istam
1732 4767 1957 4814 consuetudinem
1978 4767 2040 4826 jem
2058 4779 2111 4828 per
2129 4765 2271 4826 666111166-

1633 4827 1700 4874 liam
1712 4829 1920 4890 aliquantulum
1936 4827 2111 4874 dimiserant.
2136 4825 2271 4888 1616661-

1631 4891 1804 4936 1116661111611
1826 4893 1852 4936 et
1872 4889 1959 4948 priori
1982 4889 2053 4948 qued
2067 4891 2139 4936 11666
2159 4901 2271 4936 censue·

1632 4951 1758 5022 tudinem
1772 4951 1804 4998 ab
1821 4951 1947 4998 comibus
1956 4951 2070 5010 plenius
2092 4951 2203 5012 faciant
2226 4951 2270 4996 eb·

1631 5027 1748 5062 SCl'val'l.

1661 5075 1678 5106 r.
1694 5075 1863 5124 11666666)
1881 5073 2020 5132 poneretis
2046 5073 2075 5120 in
2099 5073 2190 5120 uidua
2206 5079 2271 5118 anre

1632 5135 1749 5190 Pascua,
1767 5137 1795 5182 in
1813 5133 1948 5182 Consuet.
1965 5135 2034 5182 6166.
2049 5135 2076 5182 S.
2093 5137 2269 5182 Emmeram.

1632 5197 1782 5246 Ratisben.
1799 5195 1905 5244 61121.
1928 5197 1956 5244 61
1979 5207 2055 5256 seqq.
2069 5209 2104 5244 ex
2117 5197 2184 5246 Cod.
2201 5193 2269 5244 tota

1631 5259 1654 5308 3.
1670 5261 1695 5308 S.
1712 5259 1806 5308 Germ.
1821 5259 1897 5306 l’rat.

1661 5321 1679 5354 i*
1696 5319 1953 5368 Communicandis
1973 5319 2196 5370 inlirmisealicc
2213 5321 2269 5368 nte-

1633 5381 1747 5432 bantur.
1783 5383 1854 5430 Stat.
1878 5381 2019 5430 Caulonis
2046 5383 2133 5444 episc.
2166 5383 2268 5428 Lexov,

1631 5455 1698 5490 6611.
1716 5443 1782 5490 11121.
1798 5455 1830 5492 ex
1847 5443 1914 5492 Cod.
1930 5455 1988 5502 req.
2000 5443 2061 5492 1668
2075 5459 2080 5490 ε
2099 5441 2209 5512 Sinpuli
2225 5453 2270 5508 66-

1631 5503 1748 5552 cerdetes
1761 5505 1883 5566 sinqulos
1892 5505 2013 5554 babeant
2026 5505 2132 5562 calices,
2151 5517 2181 5552 tn
2208 5515 2269 5568 661·ι

941 5565 1581 5630 11161166611166166661116166666166661666166
1604 5559 1609 5600 Ι
1631 5565 1680 5614 bus
1698 5567 1942 5618 1161161116116661611
1967 5567 2083 5632 infirmi,
2109 5565 2157 5628 qui
2182 5565 2269 5612 decen
